2170 3147
24 180 72 205 An.
94 179 121 205 C.
142 179 207 205 1792

33 2541 153 2567 clausulae.

817 178 1008 202 BENEDICTt's
1035 179 1090 202 x111
1115 179 1163 202 ΓΡ.

216 226 382 270 praedicti,
404 225 589 259 huiusmodi
617 225 886 268 impedimentum
914 226 952 258 ad

216 280 405 312 eorumdem
430 278 709 311 schismaticorum
729 279 952 312 reductionem

216 331 341 365 facilius
368 331 577 364 obtinendam
603 331 757 370 amoveri,
782 337 811 363 et
834 342 953 373 oppor-

217 390 291 417 tune
324 384 356 417 in
390 383 563 427 praedictis
594 394 611 416 a
642 383 737 416 nobis
767 383 950 425 provideri:

214 447 288 475 nos,
307 436 485 468 animarum
503 435 611 474 saluti,
632 440 789 478 quantum
807 446 879 467 cum
897 435 953 468 Do-

214 490 301 522 mino
328 499 512 531 possumus,
530 490 715 527 consulere,
738 489 952 531 ipsorumque

214 542 535 585 archiepiscoporum
562 546 592 574 et
614 541 845 584 episcoporum
870 541 951 573 votis

214 596 275 628 hac
311 595 341 627 in
380 604 415 627 re
451 594 671 628 favorabiliter
718 604 860 627 annuere
899 604 952 626 cn-

212 648 350 690 pientes,
375 657 501 680 necnon
522 647 722 690 praedictum
741 647 951 679 Benedictum

212 712 229 733 a
254 700 417 743 quibusvis
442 699 792 739 excommunicationis,
815 709 950 742 suspen-

212 753 311 786 sionis
333 757 365 784 et
378 752 551 794 interdicti,
567 752 702 795 aliisque
721 752 951 785 ecclesiasticis

211 805 396 845 sententiis,
420 805 568 838 censuris
588 811 619 838 et
637 805 760 848 poenis,
775 815 791 837 a
814 803 884 836 inre
900 805 949 837 vel

211 858 250 890 ab
274 858 406 891 homine
424 885 431 898 ,
457 858 567 901 quavis
593 857 765 891 occasione
785 859 834 890 vel
856 859 949 890 causa

211 911 291 950 latis,
313 911 338 944 si
364 911 480 954 quibus
505 910 755 954 quomodolibet
773 911 949 943 innodatus

211 963 329 1003 existit,
366 965 405 996 ad
431 963 578 996 ellectum
603 963 824 1006 praesentium
861 963 948 995 dum-

212 1021 298 1048 taxat
317 1016 606 1059 consequendum,
643 1016 758 1048 barum
785 1015 867 1048 serie
893 1016 948 1048 ab-

211 1070 372 1102 solventes
402 1075 434 1102 et
458 1069 641 1102 absolutum
669 1070 735 1102 t'ore
756 1074 946 1108 censen-tes,

211 1121 501 1164 supplicationibus
523 1122 710 1155 eorumdem
730 1122 948 1165 archiepisco-

211 1184 326 1216 porum
362 1179 394 1207 et
425 1174 654 1217 episcoporum
687 1175 818 1207 nomine
854 1176 947 1208 nobis

211 1236 309 1269 snper
332 1227 395 1260 hoc
417 1227 585 1260 humiliter
601 1228 764 1271 porrectis
790 1228 945 1267 inclinati,

212 1279 249 1311 de
275 1280 505 1312 nonnullorum
528 1290 563 1313 ex
582 1280 826 1313 venerabilibus
847 1280 946 1313 fratri-

210 1332 270 1364 bus
294 1332 412 1365 nostris
432 1332 547 1365 S.R.E.
570 1333 789 1366 cardinalibus
808 1333 948 1377 Congre-

212 1386 349 1428 gationis
360 1385 591 1429 Propagandae
604 1386 694 1419 Fidei
708 1387 846 1429 negotiis
860 1398 948 1430 prae-

211 1436 335 1480 positae
361 1448 461 1481 super
485 1438 581 1471 rebus
606 1438 830 1472 Rutbenorum
849 1440 947 1483 depu-

214 1495 351 1522 tatorum
376 1490 524 1531 consilio,
562 1497 596 1524 ut
620 1492 703 1524 uniti
729 1504 799 1526 cum
832 1495 944 1527 eadem

211 1541 242 1574 S.
256 1541 351 1581 R.E.‚
371 1541 435 1574 sive
452 1542 535 1582 laici,
556 1543 621 1576 sive
639 1544 760 1583 clerici,
778 1546 944 1587 regulares

211 1594 259 1626 vel
284 1595 482 1634 saeculares,
510 1596 648 1628 cuiusvis
677 1602 796 1637 status,
827 1599 944 1639 gradus

210 1650 242 1678 et
265 1645 397 1686 ordinis
424 1647 520 1679 etiam
546 1648 750 1690 episcopalis,
769 1650 819 1682 vel
838 1651 945 1683 condi-

209 1698 304 1730 tionis
328 1698 457 1737 fuerint,
480 1700 588 1732 omnia
605 1701 702 1740 bona,
725 1712 806 1743 quae
831 1703 870 1735 ad
889 1714 943 1737 eos

209 1756 270 1783 tam
296 1755 369 1783 ante
395 1750 550 1791 schisma,
573 1763 668 1794 qnam
688 1764 725 1786 eo
743 1755 941 1796 perdurante

208 1803 287 1835 alias
312 1803 453 1845 legitime
492 1805 712 1846 pertinebant,
749 1817 785 1839 ac
822 1808 941 1850 quibus

208 1856 302 1888 etiam
327 1856 484 1889 violenter
501 1858 627 1900 spoliati
647 1859 785 1900 suerunt,
809 1870 941 1905 recupe-

207 1918 277 1941 rare
303 1913 333 1941 et
364 1909 544 1952 possidere,
577 1910 707 1954 illisque
741 1912 812 1953 frui,
839 1913 883 1946 uti
909 1920 940 1947 et

207 1961 347 2003 gaudere
383 1961 485 1994 libere
511 1967 542 1995 et
565 1963 651 1996 licite
685 1965 828 2007 possint,
861 1967 938 2009 quin

206 2014 238 2046 in
264 2015 402 2046 futurum
431 2025 467 2047 ex
489 2016 583 2048 causa
601 2016 759 2059 praedicti
783 2018 939 2053 schisma-

208 2065 246 2098 tis
270 2066 318 2099 vel
351 2067 463 2109 quovis
495 2067 553 2099 sub
584 2075 751 2111 praetextu
777 2071 871 2104 alicui
900 2073 938 2105 li-

206 2124 276 2151 ceat
298 2119 458 2152 bonorum
476 2119 633 2154 eiusmodi
659 2124 937 2165 recuperationem

206 2171 400 2214 illorumque
436 2172 603 2214 pacificam
627 2176 868 2217 possessionem
907 2184 938 2210 et

204 2234 295 2256 usum
321 2224 400 2267 ipsis
426 2224 524 2257 unitis
551 2236 681 2269 quoquo
705 2229 802 2261 modo
835 2230 937 2272 impe-

203 2275 286 2316 dire,
312 2276 481 2319 minusque
506 2277 617 2310 eadem
642 2278 726 2311 bona
750 2279 782 2311 in
807 2280 937 2314 illorum

201 2329 433 2371 praeiudicium
459 2330 614 2369 retinere,
639 2333 834 2366 anctoritate
859 2344 937 2377 apo-

201 2381 326 2421 stoliea,
354 2386 466 2414 tenore
492 2383 722 2425 praesentium,
758 2385 936 2419 misericor-

201 2433 284 2466 diter
318 2434 352 2466 in
380 2433 517 2467 Domino
542 2436 749 2470 concedimus
775 2443 806 2470 et
830 2438 935 2472 indul-

200 2496 326 2529 gemus.

242 2541 257 2584 ἓ
281 2539 311 2572 ⁶2.
339 2539 575 2582 Deeernentes,
598 2543 725 2577 easdem
743 2550 935 2588 praesentes

285 2603 364 2630 Butt.
388 2603 471 2631 [lom.
490 2619 521 2624 -
544 2605 601 2632 l'ol.
628 2605 718 2636 XXII.
864 2607 893 2634 11

995 226 1120 259 litteras
1146 236 1274 269 semper
1299 226 1416 265 tiri‘nas,
1442 226 1562 259 validas
1581 231 1611 259 et
1636 225 1737 259 effica-

996 290 1050 311 ces
1076 279 1213 312 existere
1241 286 1272 312 et
1296 280 1377 319 fore,
1403 290 1543 322 suosque
1570 279 1735 322 plenario:-

997 337 1027 363 et
1053 331 1198 374 integros
1225 331 1358 365 effectus
1385 332 1493 364 sortiri
1523 337 1552 365 et
1577 332 1736 369 obtinere,

997 395 1032 415 ac
1059 384 1132 422 illis,
1151 384 1189 416 ad
1208 395 1288 427 quos
1310 391 1436 427 spectat.
1457 391 1487 418 et
1508 396 1566 428 pro
1588 391 1735 428 tempore

996 436 1172 478 spectabit,
1196 436 1226 468 in
1254 438 1394 469 futurum
1420 437 1609 480 plenissime
1627 437 1736 469 suffra-

996 489 1075 530 gari,
1098 495 1129 521 et
1155 489 1194 521 ab
1220 489 1264 521 eis
1290 490 1471 531 respective
1502 490 1735 523 inviolabiliter

996 540 1184 580 observari,
1224 541 1335 583 sicque
1378 542 1409 573 in
1448 542 1635 584 praemissis
1678 553 1736 584 per

996 602 1219 635 quoscumque
1245 593 1366 626 iudices
1386 593 1569 625 ordinarios
1596 599 1627 626 et
1653 595 1735 626 dele-

994 650 1094 686 gatos,
1122 646 1218 678 etiam
1245 656 1410 678 causarum
1429 646 1539 689 palatii
1565 647 1735 688 apostolici

996 698 1170 735 auditores,
1194 708 1229 730 ac
1255 698 1358 731 dictae
1384 698 1475 730 Sedis
1511 699 1654 736 nuncios.
1691 700 1737 731 iu-

995 750 1093 783 dicari
1128 756 1158 783 et
1189 749 1318 783 definiri
1356 750 1502 788 debere,
1539 762 1574 783 ac
1606 751 1734 783 irritum

993 808 1024 835 et
1041 803 1135 835 inane
1162 804 1187 836 si
1213 814 1306 836 secus
1324 814 1421 846 super
1439 804 1488 836 liis
1514 816 1531 836 a
1557 815 1732 847 quoquam,

992 856 1101 899 quavis
1119 856 1320 896 anctoritate,
1346 857 1485 890 scienter
1510 858 1560 890 vel
1586 857 1734 899 ignoran-

993 913 1050 948 ter,
1077 908 1255 951 contigerit
1279 909 1441 941 attentari.

1036 961 1050 1003 ξ
1074 960 1106 993 3.
1133 959 1204 993 Non
1231 962 1438 994 obstantibus
1464 960 1671 1004 praemissis,
1696 972 1750 1008 ac·
1785 1004 1786 1007 Ἴ

992 1013 1158 1055 quibusvis
1184 1013 1381 1055 apostolicis7
1407 1019 1438 1046 et
1464 1014 1495 1046 in
1522 1006 1779 1056 synodalibus'‘'''
1804 1015 1808 1017 ’

991 1066 1316 1109 provincialibusque
1342 1071 1373 1098 ct
1391 1067 1629 1099 universalibus
1654 1077 1730 1099 con-

990 1119 1072 1152 ciliis
1098 1120 1204 1157 editis,
1225 1120 1420 1163 specialibus
1438 1122 1487 1153 vel
1505 1121 1728 1163 generalibus,

990 1173 1278 1205 constitutionibus
1297 1179 1328 1205 et
1354 1173 1626 1211 ordinationilms,
1656 1175 1730 1215 legi-

990 1225 1049 1257 bus
1083 1236 1212 1268 quoqne
1243 1226 1468 1268 imperialibus
1495 1231 1525 1257 et
1551 1226 1729 1269 municipa-

990 1278 1089 1317 libus,
1127 1289 1162 1310 ac
1196 1278 1507 1316 consuetudinibus,
1546 1278 1729 1322 ceterisque

990 1330 1159 1363 contrariis
1185 1331 1457 1373 quibuscumque.

1034 1384 1146 1416 Datum
1174 1383 1312 1423 Romae,
1340 1383 1425 1426 apud
1452 1383 1483 1415 S.
1512 1383 1642 1416 Mariam
1667 1384 1729 1416 Ma-

991 1436 1110 1476 iorem,
1143 1436 1204 1468 sub
1226 1436 1346 1468 annulo
1380 1435 1572 1474 Piscatoris,
1599 1436 1650 1468 die
1684 1446 1726 1469 xit

989 1489 1115 1531 augusti
1156 1497 1335 1529 MDCCXMV,
1376 1488 1583 1531 pontificatus
1620 1489 1726 1522 nostri

989 1552 1074 1574 anno
1097 1552 1119 1574 1.

1024 1603 1083 1630 Dat.
1105 1603 1149 1630 die
1175 1604 1203 1630 l?
1225 1604 1333 1638 augusti
1353 1604 1430 1637 1724,
1450 1604 1549 1638 pontis.
1573 1613 1644 1630 anno
1661 1610 1677 1629 1.

1298 1754 1402 1787 XXVI.

987 1843 1181 1874 Rcstituitur
1204 1842 1370 1874 cardinali
1401 1843 1520 1875 vicario
1553 1843 1643 1875 t‘rtnte
1676 1845 1726 1875 iu-

1026 1895 1174 1927 risdictio
1199 1895 1397 1927 cumulatim
1424 1897 1453 1944 ‘¹3‘
1476 1897 1627 1928 omuibus
1652 1907 1726 1928 cat(—

1026 1947 1103 1980 818¹.

1165 2018 1347 2046 Benedictus
1368 2019 1546 2053 Episcopus,

1175 2070 1283 2089 servus
1299 2070 1456 2090 servorum
1470 2064 1533 2094 Dei,

1124 2107 1160 2133 ad
1182 2108 1316 2134 futuram
1337 2108 1382 2134 rei
1405 2107 1590 2134 memoriam.

1024 2177 1057 2208 ln
1082 2187 1236 2219 supremo
1255 2178 1455 2220 apostolatus
1481 2177 1575 2216 solio,
1598 2177 1721 2210 meritis

980 2229 1056 2261 licet
1080 2229 1269 2272 imparibus,
1285 2229 1391 2262 divina
1412 2229 1626 2272 dispositione
1648 2240 1722 2263 con-

980 2282 1092 2321 stituti,
1118 2293 1153 2315 ex
1192 2282 1392 2314 incumbenti
1420 2282 1514 2315 nobis
1547 2283 1720 2325 pastoralis

1016 2377 1024 2402 1
1051 2376 1122 2403 Haec
1141 2377 1291 2404 iurisdictio
1311 2385 1439 2404 concessa
1455 2377 1613 2412 praesertim
1634 2378 1721 2404 fuerat

978 2429 993 2447 a
1013 2422 1152 2448 Clemente
1168 2422 1187 2447 X
1209 2425 1297 2448 const.
1319 2422 1384 2448 edit.
1407 2428 1531 2454 sttnccxxt,
1553 2422 1597 2448 die
1620 2423 1651 2448 12
1674 2431 1722 2448 au-

977 2466 1060 2500 gusti,
1081 2466 1180 2500 pontif.
1201 2472 1236 2498 11;
1256 2466 1358 2493 abolita
1371 2475 1433 2493 vero
1449 2466 1482 2493 ab
1499 2466 1658 2493 Innocentio
1676 2466 1719 2492 xtt

978 2510 1086 2536 constit.
1107 2509 1171 2537 edit.
1192 2516 1308 2544 mncxcu,
1334 2510 1377 2538 die
1400 2511 1429 2538 17
1450 2510 1625 2546 septembris,
1648 2518 1718 2544 pon-

979 2553 1019 2581 tif.
1041 2560 1071 2581 11.

1747 180 1793 204 Au.
1816 179 1842 204 Γ,
1867 179 1932 204 ΠΜ

1812 971 1927 995 [levigatio

1793 1005 1905 1022 fitiorum.

1761 2187 1901 2208 Pmoemium.
