2170 3147
17 219 65 248 Ᾰη.
83 219 113 247 C.
137 219 204 246 ¹727

73 755 200 775 inuruntur

17 783 141 808 praedictae
166 782 200 802 tu-
247 799 252 805 .
317 799 335 804 ..
456 800 473 805 ..
525 800 530 804 .
581 800 585 804 .
666 800 672 806 .
743 799 748 804 .

18 811 83 838 ieris
102 805 253 833 :ip-‚siuii-cti
280 799 335 831 tilii
363 799 475 842 Ignatii
510 800 626 832 Xavier
660 802 766 831 trau-is
798 809 949 841 expresse

17 834 348 914 {iiif'ss't¹l⁵ii÷⁰=ff{³=isspi·ofessi
389 853 576 895 provinciae
614 852 833 894 portugalliae
868 852 950 884 Con-

33 894 56 909 ΒΓ
85 894 104 909 Θ.

44 1442 120 1463 Earum
130 1447 203 1462 execu-

21 1469 52 1490 tio
62 1469 204 1490 commiurnr.

811 221 1006 246 BENEDICTUS
1032 222 1080 245 1³1³.
1106 221 1166 245 XIII

511 270 650 304 CLXVII.

210 338 394 381 Depnlatur
415 340 608 382 patriarcha
636 340 897 382 Ulyssipoiicnsis
915 341 951 371 in,

252 396 451 424 executorem
483 393 723 424 constitutionis
755 393 858 435 ipsius
892 393 950 424 Bc.

252 444 374 476 nedicti
398 445 489 478 XIII
501 455 599 488 super
619 446 830 487 abroyali‘one
849 445 950 487 privi-

255 497 412 539 leyiorum
440 499 583 540 fratrum
605 497 741 531 Ordinis
761 497 793 530 S.
815 497 950 530 Ioannis

254 550 314 582 Dei·
335 551 523 593 provinciae
547 550 811 593 Porluyalliac¹.

387 630 569 657 Benedictus
590 631 670 663 Papa
689 630 757 657 XIII
772 653 778 663 ,

327 674 363 701 ad
383 678 561 708 perpetuam
581 675 627 701 rei
647 674 829 701 memoriam.

255 747 269 789 ἓ
295 746 323 778 1.
348 746 460 789 Nuper
489 746 527 778 ad
563 746 834 789 supplicationem
871 745 951 779 dile-

213 906 412 949 gregationis
437 906 663 949 Hispaniarum
689 905 819 938 Ordinis
843 904 875 937 S.
908 905 951 936 lo-

214 960 306 993 annis
334 959 387 991 Dei
414 964 606 992 emanarunt
626 970 641 990 a
660 958 754 991 nobis
776 958 901 990 litterae
918 957 947 990 in

213 1012 308 1044 simili
336 1012 437 1044 torma
474 1012 581 1044 Brevis
614 1011 737 1044 tenoris
763 1011 816 1054 qui
844 1012 950 1053 sequi-

214 1071 274 1105 tur,
299 1065 472 1103 videlieet;

256 1117 448 1150 Benedictus
491 1116 558 1150 ΡΡ.
595 1117 686 1150 XIII
718 1117 761 1149 ad
802 1118 949 1160 futuram

212 1171 261 1203 rei
284 1171 486 1203 memoriam.
512 1170 658 1203 Onerosa
684 1170 856 1213 pastoralis
888 1169 951 1202 offi-

212 1223 252 1256 cii
279 1233 373 1262 eura,
399 1223 486 1256 ete'2.

249 1285 347 1312 Datum
368 1285 478 1318 Romae,
496 1286 566 1320 apud
587 1286 615 1311 S.
638 1286 758 1319 Petrum,
780 1285 830 1312 sub
851 1286 951 1311 annulo

214 1329 374 1364 Piscatoris,
394 1330 438 1357 die
458 1339 471 1356 x
492 1330 608 1356 ianuarii
629 1336 787 1362 iinccxxvn,
809 1330 952 1364 pontifica-

214 1379 257 1402 tus
276 1379 363 1402 nostri
383 1383 454 1401 anno
475 1381 514 1401 iii.

261 1438 276 1481 ξ
300 1465 306 1470 .
331 1437 354 1470 N
371 1448 433 1470 une
459 1443 580 1477 autem,
600 1438 726 1470 easdem
747 1438 871 1470 litteras
899 1438 952 1470 de-

216 1491 302 1524 bitae
329 1491 521 1530 executioni,
549 1497 583 1523 ut
601 1501 660 1533 par
679 1497 738 1531 est,
764 1491 952 1524 demandari

215 1544 397 1588 cupientes,
424 1555 459 1576 ae
477 1549 689 1577 memoratum
708 1545 863 1586 Ignatium
888 1555 953 1577 am-

216 1597 326 1640 plioris
340 1597 445 1629 favore
460 1597 580 1640 gratiae
594 1598 746 1640 prosequi
767 1599 910 1630 volentes
922 1603 952 1629 et

215 1661 232 1682 a
256 1650 421 1693 quibusvis
443 1650 797 1690 excommunicationis,
818 1661 953 1694 suspen-

215 1703 313 1736 sionis
331 1708 362 1735 et
379 1703 554 1744 interdicti,
572 1705 708 1748 aliisque
727 1704 953 1737 ecelesiasticis

215 1755 398 1796 sententiis,
412 1756 557 1789 censuris
584 1762 615 1789 et
640 1757 762 1799 poenis,
782 1768 798 1789 a
818 1757 886 1790 iure
903 1759 952 1790 vel

216 1809 256 1841 ab
282 1809 423 1848 homine,
450 1810 562 1852 quavis
588 1811 757 1843 occasione
783 1810 830 1842 vel
858 1813 953 1843 causa

217 1862 301 1897 latis.
326 1863 350 1895 si
377 1863 492 1906 quibus
513 1864 757 1906 quomodolibet
779 1864 952 1896 innodatus

218 1915 342 1955 existit,
369 1916 407 1948 ad
433 1915 583 1949 effectum
617 1916 836 1958 praesentium
864 1917 954 1949 duin-

220 1974 304 2000 taxat
328 1969 613 2011 consequendum,
644 1970 758 2002 harum
783 1970 866 2002 serie
901 1971 955 2002 ab-

219 2021 382 2054 solventes
408 2027 440 2053 et
464 2021 646 2054 absolutum
673 2022 741 2055 sore
767 2028 952 2061 censentes,

219 2073 513 2116 supplicationibus
537 2075 606 2107 eius
625 2075 755 2108 nornine
775 2076 883 2108 denuo
899 2086 956 2108 no-

221 2126 270 2158 bis
295 2136 393 2168 super
413 2127 474 2159 hoe
501 2127 667 2160 humiliter
684 2128 842 2170 porrectis
867 2128 958 2161 ineli-

221 2179 297 2219 nati,
325 2179 499 2212 venerabili
526 2180 616 2212 fratri
642 2181 846 2223 patriarchae
871 2181 957 2225 Ulys-

222 2233 388 2276 siponensi
425 2232 618 2266 occidentali
655 2244 692 2267 ae
732 2234 848 2267 dilecto
891 2235 956 2268 tilio

223 2286 290 2319 eius
315 2285 443 2319 officiali
474 2297 534 2329 per
565 2292 753 2329 praesentes
785 2287 957 2320 committi-

260 2393 270 2418 1
293 2392 312 2418 Α
328 2391 465 2419 Clemente
485 2390 531 2418 XII
551 2395 637 2418 const.
659 2392 724 2418 edit.
741 2398 899 2426 mcccxxxn,
915 2392 958 2420 die

226 2437 234 2461 i
259 2435 388 2470 octobris,
405 2435 501 2471 pontis.
513 2442 552 2466 tii,
565 2439 728 2462 revocantur
739 2436 879 2471 privilegia
895 2445 958 2471 per-

223 2480 324 2507 sonalia
343 2488 390 2515 pro
419 2480 564 2515 provinciis
593 2480 755 2508 Andalusiae
781 2484 807 2508 et
830 2481 959 2509 Castellae

224 2523 382 2551 eor-iimdem
402 2524 526 2551 fratrum.

259 2569 275 2594 ‘J
292 2568 402 2604 Reliqua
417 2569 576 2601 omittimus,
591 2569 653 2604 quia
668 2573 753 2596 const.
773 2569 813 2596 liic
829 2570 909 2597 citata
925 2570 959 2597 le-

224 2613 295 2647 gitur
311 2613 390 2647 paulo
406 2621 487 2648 supra
503 2621 564 2648 pag.
581 2614 633 2640 464
648 2613 662 2639 b
678 2615 703 2640 et
718 2621 774 2648 seq.
791 2614 831 2650 (a.
848 2614 895 2648 T.).

995 280 1063 302 inus
1090 276 1122 303 et
1146 271 1354 311 mandamus,
1382 277 1541 314 quatenus
1566 270 1652 313 ipsi,
1678 270 1728 302 vel

995 323 1077 354 alter
1093 333 1215 363 eorum,
1236 335 1293 366 pei·
1311 335 1355 362 se,
1371 325 1419 357 vel
1435 324 1542 362 alium,
1562 334 1619 356 seu
1639 323 1728 361 alios,

972 374 1124 410 {easdem
1152 381 1340 418 praesentes
1376 383 1402 409 et
1438 378 1655 420 praeinsertas
1686 377 1731 408 lit-

972 432 1078 462 ,ieras
1103 439 1138 460 ac
1165 429 1195 460 iii
1230 429 1275 461 cis
1307 436 1459 462 contenta
1492 440 1727 473 quaecumque,

995 480 1047 511 ulii
1075 486 1103 512 et
1130 483 1259 523 spianijlo
1287 494 1367 525 opus
1406 483 1499 515 l'uerit
1537 488 1568 515 et
1604 483 1731 525 quoties

972 567 974 572 ,
996 543 1053 575 pro
1078 539 1169 576 parte
1195 535 1337 568 eiusdem
1366 536 1479 578 Ignatii
1506 543 1559 568 aut
1593 537 1731 568 alioruin

995 596 1270 630 spiorumcumque
1298 589 1328 621 in
1355 590 1541 631 praemissis
1570 590 1730 622 iuteresse

997 639 1186 673 habentium
1215 643 1334 674 tuerint
1360 643 1516 686 requisiti,
1541 643 1732 676 solemniter

995 692 1215 734 publicantes,
1242 695 1370 738 illisque
1397 696 1429 728 in
1454 696 1640 738 praemissis
1666 696 1732 729 effi-

995 745 1078 777 cacis
1104 747 1304 780 detensionis
1331 749 1494 791 pracsidio
1521 749 1730 789 assistentes,

996 798 1113 831 saciant
1137 800 1244 833 omnia
1270 807 1302 833 et
1326 802 1452 844 singula
1488 803 1669 845 praemissa
1694 803 1732 835 ab

995 851 1047 891 iis,
1082 853 1120 884 ad
1148 864 1226 896 quos
1260 861 1383 897 spectat
1420 860 1451 887 et
1487 866 1545 897 pro
1585 860 1731 898 tempore

995 906 1170 947 spectabit,
1198 907 1431 940 inviolabiliter
1467 915 1499 941 et
1536 910 1732 942 inconcusse

994 959 1176 999 observari,
1215 962 1469 994 contradictores
1503 962 1665 1004 quoslibet
1703 968 1734 995 ct

995 1011 1132 1044 rebelles
1159 1023 1217 1055 per
1235 1014 1422 1054 sententias,
1438 1025 1590 1047 censuras
1612 1020 1641 1047 et
1660 1026 1734 1058 poe-

995 1074 1051 1096 nas
1087 1066 1342 1105 ecclesiasticas,
1383 1067 1510 1111 aliaque
1548 1074 1735 1112 opportuna

995 1116 1072 1149 iuris
1098 1123 1129 1149 et
1145 1119 1216 1151 faeti
1236 1119 1393 1159 remedia,
1409 1122 1628 1163 appellatione
1649 1125 1735 1164 post-

995 1170 1120 1212 posita,
1145 1174 1408 1215 compescendo,
1434 1175 1650 1217 legitimisque
1682 1187 1733 1208 su-

995 1234 1054 1266 per
1079 1224 1128 1256 liis
1154 1225 1312 1259 habendis
1339 1228 1471 1260 servatis
1499 1228 1707 1271 processibus
1725 1256 1732 1268 ,

996 1286 1147 1311 censuras
1165 1284 1195 1311 et
1214 1289 1336 1322 poenas
1363 1280 1464 1323 ipsas,
1484 1281 1578 1313 etiam
1598 1281 1731 1320 iteratis,

997 1329 1118 1363 vicibus
1143 1333 1369 1374 aggravando,
1407 1333 1554 1366 invocato
1581 1334 1733 1366 etiamad

998 1381 1058 1416 lioc
1084 1384 1107 1416 si
1135 1395 1217 1427 opus
1246 1386 1340 1419 tuerit
1366 1387 1485 1420 auxilio
1512 1386 1637 1419 bracliii
1665 1397 1735 1419 sae-

997 1437 1128 1470 cularis.

1041 1491 1054 1533 ξ
1079 1490 1111 1523 3.
1138 1491 1206 1523 Non
1233 1492 1436 1525 obstantibus
1464 1493 1566 1526 seticis
1589 1494 1737 1526 recorda·
1775 1503 1931 1522 mmmmm«

1748 1533 1828 1554 t'rgfttui
1837 1535 1868 1548 liiii

998 1544 1092 1577 tionis
1119 1544 1273 1577 Bonisaeii
1299 1545 1358 1577 PP.
1386 1545 1448 1578 I'Ill
1474 1546 1736 1588 praedecessoris

997 1597 1099 1629 nostri
1126 1596 1163 1629 de
1195 1599 1271 1636 una,
1292 1604 1322 1629 et
1347 1598 1476 1630 concilii
1503 1600 1664 1640 generalis
1696 1600 1735 1632 de

998 1649 1122 1681 duabus
1149 1650 1256 1690 dietis,
1282 1651 1458 1683 dummodo
1478 1653 1561 1683 ultra
1581 1658 1643 1684 tres
1669 1652 1736 1684 die-

998 1708 1044 1735 tas
1070 1702 1187 1745 aliquis
1213 1703 1323 1745 vigore
1349 1704 1570 1746 praesentium
1596 1705 1626 1736 in
1655 1705 1736 1737 iudi-

998 1755 1081 1788 cium
1107 1766 1171 1788 non
1200 1757 1356 1795 trabatur,
1379 1757 1515 1799 aliisque
1533 1758 1738 1790 constitutio-

998 1810 1091 1841 nibus
1111 1815 1141 1842 et
1160 1809 1420 1843 ordinationibus
1441 1811 1644 1852 apostolicis,
1663 1821 1737 1844 nec-

998 1873 1063 1894 non
1089 1862 1238 1895 omnibus
1271 1868 1301 1895 et
1326 1863 1461 1905 singulis
1495 1863 1556 1896 illis
1590 1874 1671 1906 quae
1705 1864 1736 1896 in

999 1915 1114 1948 litteris
1150 1916 1377 1958 praesentibus
1414 1916 1635 1949 concessimus
1672 1928 1736 1949 non

999 1967 1147 2008 obstare,
1175 1969 1359 2011 ceterisque
1396 1969 1565 2001 contrariis
1602 1970 1736 2012 quibus-

999 2032 1165 2063 scumque.

1044 2075 1156 2107 Datum
1184 2075 1314 2114 Romae,
1343 2075 1427 2117 apud
1449 2076 1480 2108 S.
1510 2076 1652 2115 Petrum,
1679 2078 1736 2109 sub

1000 2129 1120 2160 annulo
1162 2127 1360 2166 Piscatoris,
1399 2127 1450 2160 die
1490 2138 1546 2161 xni
1583 2128 1737 2162 februarii

1000 2190 1188 2221 mcccxxvii,
1220 2180 1427 2223 pontificatus
1453 2181 1553 2213 nostri
1579 2192 1663 2214 anno
1689 2193 1738 2216 ιιι.

1037 2241 1093 2268 Dat.
1115 2241 1158 2268 die
1180 2242 1211 2269 13
1232 2242 1363 2269 februarii
1384 2243 1469 2275 1727,
1492 2243 1585 2278 pontis.
1606 2252 1676 2270 anno
1698 2250 1738 2270 ιιι.

1288 2419 1440 2453 CLXVIII.

1003 2498 1223 2540 Confirmatio*
1264 2499 1426 2533 decretum
1472 2501 1738 2545 Coiiyrf’ycili'cmi's

1046 2550 1076 2583 S.
1105 2550 1213 2594 Officii
1241 2552 1349 2596 quoad
1380 2553 1542 2587 Hebraeos
1566 2555 1740 2587 denuncia-

1041 2616 1049 2641 1
1071 2614 1141 2641 Edit.
1158 2614 1236 2642 Malu.
1254 2614 1317 2650 legit
1331 2615 1439 2644 iuratis
1456 2624 1504 2651 pro
1522 2616 1633 2644 iteratis
1649 2618 1738 2653 (nm).

1627 212 1691 245 499
1737 222 1789 247 An.
1806 222 1833 247 (ι.
1856 222 1921 248 ¹727
