2170 3147
0 230 51 256 Αη.
67 229 96 256 C.
119 229 186 255 1727

192 277 371 320 respective
386 277 615 310 inviolabiliter
629 277 801 318 observari,
816 279 927 321 sicque

191 330 224 362 in
252 330 439 373 praemissis
469 340 527 372 per
552 341 777 373 quoscumque
804 331 927 363 iudices

191 383 373 416 ordinarios
410 388 441 415 et
471 383 656 425 delegatos,
696 384 795 416 etiam
821 394 929 416 causa-

190 446 259 468 rum
279 436 390 479 palatii
417 436 585 479 apostolici
618 436 803 475 auditores,
829 447 864 468 ac
890 447 924 468 e-

190 488 313 521 iusdem
349 488 380 521 S.
405 489 441 521 R.
470 489 504 521 E.
531 489 729 528 cardinales,
762 489 858 521 etiam
889 489 927 521 de

189 541 292 574 latere
325 542 460 583 togatos,
498 542 618 574 aliosve
653 542 816 584 quoslibet
851 552 928 585 qua-

190 604 327 637 cumque
353 595 610 637 praeeminentia
630 600 662 628 et
680 600 839 638 potestate
860 595 927 627 fun-

189 652 303 688 gentes
329 652 360 679 et
386 647 562 687 suncturos,
589 648 714 680 sublata
748 647 793 680 eis
819 653 850 680 et
875 658 928 680 eo-

189 709 260 731 rum
285 699 420 732 cuilibet
445 699 556 742 quavis
582 700 675 733 aliter
700 699 862 732 iudicandi
897 704 929 733 et

188 752 426 795 interpretandi
460 754 609 786 facultate
647 759 678 787 et
714 754 925 793 anctoritate,

188 805 322 838 iudicari
349 811 379 838 et
416 805 543 839 definiri
571 807 708 847 debere,
737 818 772 840 ac
798 806 927 839 irritum

188 863 220 890 et
246 858 342 891 inane
367 859 392 892 si
411 870 506 892 secus
525 870 622 903 super
640 860 690 893 liis
715 871 731 892 a
750 870 925 903 quoquam,

189 912 299 954 quavis
319 912 521 952 auctoritate,
548 913 691 946 scienter
707 914 756 946 vel
778 913 928 956 ignoran-

190 971 249 1005 ter,
278 967 454 1009 eontigerit
478 967 642 1000 attentari.

231 1019 246 1061 ἓ
269 1018 301 1052 4.
324 1019 394 1052 Non
421 1020 628 1053 obstantibus
662 1019 864 1062 praemissis,
891 1030 927 1052 ac

187 1073 474 1106 constitutionibus
500 1079 532 1106 et
555 1073 820 1106 ordinationibus
850 1083 927 1116 apo-

187 1125 334 1165 stolicis,
362 1137 492 1159 necnon
523 1126 695 1170 quibusvis,
722 1125 818 1159 etiam
843 1126 927 1158 iura-

188 1183 309 1219 mento,
336 1177 432 1212 etc.¹.

230 1233 344 1266 Datum
369 1233 500 1274 Romae,
522 1234 608 1277 apud
633 1234 664 1267 S.
699 1234 839 1274 Petrum,
867 1234 925 1266 sub

188 1287 308 1319 annulo
353 1286 523 1319 piscatoris
539 1314 546 1328 ,
589 1286 640 1320 die
680 1298 730 1321 xiv
773 1287 925 1320 februarii

187 1348 363 1373 unccxxvu
377 1366 384 1380 ,
414 1339 625 1384 pontificatus
646 1341 749 1374 nostri
768 1351 853 1374 anno
875 1350 922 1374 111.

222 1402 283 1429 Dat.
305 1402 349 1429 die
372 1403 403 1429 14
422 1402 552 1429 februarii
576 1403 659 1436 1727,
678 1403 772 1438 pontif.
794 1411 865 1430 anno
887 1409 923 1429 111.

21 1027 104 1047 cunum
112 1028 176 1047 iurum

0 1053 114 1079 inrogatis»,

488 1545 616 1578 CLXIX.

186 1624 431 1666 Confirmantur
465 1625 711 1659 constitutiones
744 1626 924 1659 nonnullae

228 1678 449 1720 Pontificum;
470 1679 589 1721 quibus
612 1680 757 1722 qratiam,
791 1679 925 1722 privile-

227 1731 285 1773 ρέα
308 1742 344 1763 ac
368 1731 596 1775 indulqentiae
622 1732 698 1765 locis
733 1733 925 1765 Terraesan·

228 1787 296 1816 ctae
339 1795 376 1816 ac
420 1784 601 1818 Minoribus
636 1785 674 1818 de
712 1785 923 1819 Observantici

228 1837 314 1869 inibi
336 1838 539 1871 morantibus
564 1849 709 1871 concessa
732 1838 855 1881 fuere².

358 1917 542 1945 Benedictus
562 1918 736 1953 episcopus,

369 1970 477 1990 servus
493 1969 648 1990 servorum
668 1963 733 1996 Dei,

303 2007 339 2034 ad
358 2010 534 2041 perpetuam
558 2008 602 2035 rei
622 2009 803 2036 memoriam.

44 2084 176 2104 Prooemium

0 2116 6 2130 Ι
43 2112 175 2130 wamm-
231 2078 313 2111 Loca
340 2082 450 2111 sancta
481 2078 702 2118 Palaestinae,
738 2079 768 2112 in
808 2080 923 2123 quibus

0 2137 177 2184 {eonltffiofissffiocrffi
187 2130 335 2164 Christus
353 2131 502 2164 dominus
514 2131 749 2174 redemptionis
761 2132 922 2165 humanae

0 2190 176 2237 ³,ffi3rruadgwntffis
187 2184 339 2227 mysteria
365 2191 449 2224 orm,
473 2184 534 2217 vita
550 2190 581 2217 et
594 2190 697 2217 morte
711 2186 766 2217 sua
777 2196 925 2218 consum-

8 2243 162 2267 mmmm«,
187 2237 292 2277 mavit,
319 2237 358 2269 ab
381 2237 457 2281 ipsis
475 2238 637 2270 nascentis
661 2238 824 2271 Ecclesiae
860 2239 924 2282 pri-

0 2269 324 2324 iiiroffiflif’dsinordiis
348 2290 381 2323 in
407 2292 494 2324 tanta
516 2301 647 2335 semper
663 2292 874 2325 veneratione
893 2297 924 2325 et

224 2397 233 2422 1
260 2395 290 2423 Ut
309 2404 392 2432 supra
411 2404 471 2431 pag.
493 2396 539 2423 471
564 2404 582 2423 a
601 2398 638 2427 (R.
653 2397 702 2430 T.).

222 2440 238 2466 2
259 2440 388 2467 Omnium
409 2440 572 2467 Pontificum
592 2441 799 2467 constitutiones
812 2461 819 2475 ,
848 2441 924 2468 initio

186 2485 256 2513 facto
272 2493 288 2512 a
302 2485 429 2520 Gregorio
445 2485 479 2511 lx
495 2493 580 2519 usque
595 2485 628 2511 ad
643 2485 832 2512 Innocentium
846 2485 904 2512 XllI
915 2507 922 2520 ,

186 2529 286 2565 quibus
305 2529 392 2556 dictae
411 2530 514 2564 gratiae
534 2530 731 2564 conceduntur,
748 2529 843 2557 ordine
858 2534 924 2556 tem-

187 2574 268 2609 poris,
289 2583 344 2609 quo
363 2573 450 2601 editae
470 2574 589 2609 suerunt,
610 2574 652 2600 liic
672 2573 805 2601 distinctis
821 2574 922 2602 citatio-

187 2618 267 2646 nibus
288 2621 493 2646 enumerantur.

779 229 973 254 BENEDICTUS

1001 230 1057 254 xni
1081 230 1130 253 pr.
1610 219 1669 253 501

972 278 1099 311 honore
1127 279 1166 311 ab
1193 278 1351 312 universis
1377 278 1563 311 christianis
1601 277 1713 310 habita

973 331 1121 371 fuerunt,
1147 336 1181 363 ut
1213 342 1272 375 per
1306 342 1418 365 omnes
1456 336 1578 365 aetates
1612 332 1648 364 ad
1676 342 1712 364 ea

972 384 1140 426 religionis
1166 387 1262 418 causa
1298 385 1467 418 invisenda
1499 385 1644 428 undique
1678 384 1713 416 si-

972 436 1092 469 delium
1120 438 1215 470 turba
1240 438 1443 478 confluxerit,
1470 443 1712 481 proptereaque

972 494 1194 522 antecessores
1231 490 1331 523 nostri
1371 491 1506 523 Romani
1541 490 1712 523 Pontifices

972 541 1126 583 plurimas
1143 542 1365 585 indulgentias
1391 549 1421 576 et
1443 544 1627 586 privilegia,
1649 549 1710 576 tam

971 592 1003 624 in
1041 603 1096 626 eos
1127 594 1178 636 qui
1217 605 1339 626 sacram
1377 595 1453 628 illuc
1477 596 1711 639 peregrinatio-

971 656 1045 679 nem
1084 654 1318 690 susceperunt,
1345 659 1440 691 quam
1476 649 1508 681 in
1542 649 1623 682 alios
1657 649 1710 692 qui

972 699 1002 731 in
1040 700 1162 733 eisdem
1199 702 1319 734 sanctis
1359 703 1439 736 locis
1475 708 1711 735 commorantes

972 753 1080 786 divino
1113 754 1210 786 cultui
1238 761 1269 787 et
1293 756 1512 798 proximorum
1547 767 1582 789 ac
1614 766 1712 799 pere-

972 806 1170 848 grinantium
1196 808 1299 848 saluti,
1326 809 1422 842 nullis
1443 809 1658 842 incommodis
1680 814 1712 841 et

972 859 1053 892 vitae
1089 860 1243 903 perieulis
1285 862 1413 901 territi,
1454 862 1709 902 famularentur,

972 914 1061 955 larga
1086 924 1181 946 manu
1207 915 1418 954 contulerint,
1436 921 1466 948 et
1488 916 1541 949 alii
1566 920 1711 959 postmo-

972 966 1047 998 dum
1073 977 1280 1001 successores
1314 969 1425 1001 eadem
1453 969 1569 1002 collata
1594 969 1711 1011 proba-

973 1019 1091 1059 verint,
1111 1020 1268 1063 novisque
1295 1020 1406 1063 gratiis
1432 1021 1655 1063 spiritualibus
1680 1026 1711 1053 et

971 1072 1199 1114 largitionibus
1244 1074 1404 1106 auxerint.
1446 1075 1527 1107 IIinc
1571 1074 1709 1107 maxime

971 1124 1065 1157 decet
1095 1131 1129 1157 ut
1163 1136 1223 1159 nos
1255 1136 1385 1169 quoque
1419 1127 1457 1160 ad
1490 1127 1709 1169 indulgentias

970 1183 1001 1210 et
1026 1177 1197 1220 privilegia
1223 1179 1408 1212 huiusmodi
1435 1180 1633 1222 apostolicae
1660 1190 1711 1212 au—

970 1231 1126 1262 ctoritatis
1165 1236 1297 1264 nostrae
1341 1232 1518 1265 munimine
1557 1234 1643 1265 salva
1679 1238 1711 1265 et

969 1283 1080 1316 illaesa
1104 1284 1263 1316 servanda
1289 1290 1439 1327 prompto
1466 1285 1573 1317 animo
1599 1295 1711 1318 occur-

969 1346 1087 1369 ramus.

1013 1390 1027 1432 ἓ
1052 1389 1084 1422 1.
1111 1390 1280 1433 Siquidem
1316 1391 1412 1424 nobis
1449 1391 1588 1424 dilectus
1624 1392 1707 1424 filius
1735 1402 1811 1423 evenus
1830 1408 1907 1428 procu-

969 1443 1070 1476 srater
1095 1443 1211 1476 Mariae
1237 1445 1276 1476 ab
1302 1444 1407 1477 Ebora
1432 1450 1627 1487 procurator
1652 1431 1904 1488 ge-lsss'l'ilssmtltfllt

969 1497 1088 1529 neralis
1113 1496 1241 1530 Ordinis
1268 1497 1402 1530 fratrum
1426 1498 1584 1531 Minorum
1611 1483 1872 1532 sancti⁰b⁵‘'ffl'“'³'

969 1550 1132 1583 Francisci
1163 1550 1201 1584 de
1227 1550 1435 1585 Observantia
1451 1558 1711 1595 nuncupatorum

968 1614 1075 1646 nuper
1092 1603 1208 1646 exponi
1231 1604 1361 1645 curavit,
1389 1616 1434 1644 se,
1458 1605 1495 1638 ad
1515 1605 1711 1639 Terraesan—

967 1662 1035 1689 ctae
1060 1657 1241 1689 subsidium
1267 1667 1303 1689 ae
1327 1667 1462 1690 suorum
1484 1658 1560 1691 dicti
1582 1658 1709 1691 Ordinis

967 1710 1096 1742 fratrum
1117 1711 1232 1743 vineae
1254 1710 1379 1743 Domini
1407 1711 1604 1744 excolendae
1629 1712 1710 1744 inibi

967 1763 1076 1795 multis
1102 1762 1242 1796 saeculis
1271 1773 1404 1806 operam
1439 1764 1585 1796 dantium
1618 1775 1711 1807 pere-

966 1815 1145 1858 grinosque
1171 1826 1207 1849 ex
1235 1816 1386 1849 omuibus
1424 1817 1613 1850 christianis
1637 1828 1711 1860 pro-

966 1869 1078 1901 vinciis
1105 1869 1142 1901 ad
1169 1869 1283 1901 eadem
1304 1870 1373 1901 loca
1395 1874 1507 1901 sancta
1533 1869 1586 1912 pie
1612 1880 1708 1902 vene-

967 1921 1066 1953 randa
1106 1926 1312 1953 accurrentes
1355 1921 1507 1964 religiosa
1546 1922 1706 1955 charitate

968 1973 1144 2006 foventium
1169 1979 1201 2006 et
1225 1974 1393 2006 catholicis
1413 1974 1540 2007 illarum
1564 1975 1705 2018 partium

967 2032 1153 2070 opportuna
1177 2027 1290 2059 solatia
1316 2027 1567 2070 praebentium,
1593 2033 1706 2071 optare

966 2085 998 2112 ut
1023 2081 1131 2113 omnia
1155 2085 1186 2113 et
1210 2081 1337 2123 singula
1362 2081 1539 2124 privilegia,
1566 2082 1703 2124 gratiae,

967 2132 1203 2175 indulgentiae,
1230 2133 1401 2166 criminum
1439 2134 1646 2168 remissiones
1676 2141 1707 2168 et

968 2186 1194 2226 relaxationes,
1222 2186 1379 2219 hactenus
1406 2187 1552 2220 eiusdem
1573 2187 1708 2221 Terrae·

967 2243 1096 2271 sanctae
1130 2239 1226 2278 loeis,
1252 2240 1317 2271 suis
1352 2239 1522 2280 fratribus,
1564 2240 1703 2283 aliisque

967 2292 1117 2334 personis
1143 2292 1335 2325 auctoritate
1362 2293 1540 2335 apostolica
1571 2304 1704 2327 conces·

967 2354 1021 2376 sae
1048 2351 1078 2377 et
1104 2344 1324 2383 confirmatae,
1348 2355 1408 2388 per
1432 2356 1491 2378 nos
1517 2347 1631 2379 eadem
1649 2357 1705 2379 au=

968 2397 1114 2430 ctoritate
1128 2399 1392 2441 approbarentur
1406 2405 1437 2432 et
1453 2400 1586 2443 speciali
1603 2401 1705 2434 forma

968 2461 1080 2483 rursus
1106 2451 1390 2484 confirmarentur.

1011 2504 1025 2546 ἕ
1050 2503 1081 2536 2.
1108 2503 1170 2536 Nos
1194 2503 1299 2547 igitur,
1324 2505 1379 2547 qui
1405 2505 1547 2539 eiusdem
1572 2507 1704 2540 Terrac-

967 2562 1096 2590 sanetae
1132 2557 1187 2589 ubi
1224 2562 1384 2590 steterunt
1419 2559 1519 2602 pedes
1559 2559 1702 2601 Domini,

968 2610 1183 2654 frequentiam
1209 2616 1240 2644 et
1264 2612 1520 2653 venerationem,
1546 2617 1700 2656 quantum

1721 229 1769 254 An.
1792 228 1818 255 C.
1846 229 1912 257 ¹727

1762 2512 1896 2534 confirmado

1715 2540 1832 2563 praedicta.
