<?xml version="1.0" encoding="UTF-8"?>
<!DOCTYPE html PUBLIC "-//W3C//DTD XHTML 1.0 Transitional//EN"
    "http://www.w3.org/TR/xhtml1/DTD/xhtml1-transitional.dtd">
<html xmlns="http://www.w3.org/1999/xhtml" xml:lang="en" lang="en">
 <head>
  <title>
</title>
<meta http-equiv="Content-Type" content="text/html;charset=utf-8" />
  <meta name='ocr-system' content='tesseract 3.04.00' />
  <meta name='ocr-capabilities' content='ocr_page ocr_carea ocr_par ocr_line ocrx_word'/>
</head>
<body>
  <div class='ocr_page' id='page_1' title='image "./bullarumdiplomat22cath_0299.png"; bbox 0 0 2170 3147; ppageno 0'>
   <div class='ocr_carea' id='block_1_1' title="bbox 19 235 201 268">
    <p class='ocr_par' dir='ltr' id='par_1_1' title="bbox 19 235 201 268">
     <span class='ocr_line' id='line_1_1' title="bbox 19 235 201 268; baseline -0.027 0"><span class='ocrx_word' id='word_1_1' title='bbox 19 238 70 268; x_wconf 71' lang='lat' dir='ltr'>Aa.</span> <span class='ocrx_word' id='word_1_2' title='bbox 81 235 112 265; x_wconf 80' lang='lat' dir='ltr'>C.</span> <span class='ocrx_word' id='word_1_3' title='bbox 133 237 201 264; x_wconf 79' lang='lat'>¹725</span> 
     </span>
    </p>
   </div>
   <div class='ocr_carea' id='block_1_2' title="bbox 782 236 1133 260">
    <p class='ocr_par' dir='ltr' id='par_1_2' title="bbox 782 236 1133 260">
     <span class='ocr_line' id='line_1_2' title="bbox 782 236 1133 260; baseline -0.003 -1"><span class='ocrx_word' id='word_1_4' title='bbox 782 236 977 259; x_wconf 84' lang='lat' dir='ltr'><strong>BENEDICTUS</strong></span> <span class='ocrx_word' id='word_1_5' title='bbox 1001 238 1058 260; x_wconf 84' lang='lat' dir='ltr'><strong>XIII</strong></span> <span class='ocrx_word' id='word_1_6' title='bbox 1085 237 1133 260; x_wconf 74' lang='grc' dir='ltr'>ΓΡ.</span> 
     </span>
    </p>
   </div>
   <div class='ocr_carea' id='block_1_3' title="bbox 1620 222 1916 256">
    <p class='ocr_par' dir='ltr' id='par_1_3' title="bbox 1620 222 1916 256">
     <span class='ocr_line' id='line_1_3' title="bbox 1620 222 1916 256; baseline 0.003 -1"><span class='ocrx_word' id='word_1_7' title='bbox 1620 222 1684 255; x_wconf 61' lang='grc'>959</span> <span class='ocrx_word' id='word_1_8' title='bbox 1731 231 1779 256; x_wconf 72' lang='lat' dir='ltr'>An.</span> <span class='ocrx_word' id='word_1_9' title='bbox 1797 230 1825 256; x_wconf 88' lang='lat' dir='ltr'>c.</span> <span class='ocrx_word' id='word_1_10' title='bbox 1850 230 1916 256; x_wconf 74' lang='lat'>1725</span> 
     </span>
    </p>
   </div>
   <div class='ocr_carea' id='block_1_4' title="bbox 209 279 1917 327">
    <p class='ocr_par' dir='ltr' id='par_1_4' title="bbox 209 279 1917 327">
     <span class='ocr_line' id='line_1_4' title="bbox 209 279 1917 327; baseline -0.004 -11"><span class='ocrx_word' id='word_1_11' title='bbox 209 283 433 327; x_wconf 76' lang='lat' dir='ltr'>provincialeS‚</span> <span class='ocrx_word' id='word_1_12' title='bbox 448 284 535 316; x_wconf 77' lang='lat' dir='ltr'>nulla</span> <span class='ocrx_word' id='word_1_13' title='bbox 553 283 636 316; x_wconf 78' lang='lat' dir='ltr'>iusta</span> <span class='ocrx_word' id='word_1_14' title='bbox 653 283 692 316; x_wconf 88' lang='lat' dir='ltr'>de</span> <span class='ocrx_word' id='word_1_15' title='bbox 710 286 804 316; x_wconf 79' lang='lat' dir='ltr'>causa</span> <span class='ocrx_word' id='word_1_16' title='bbox 819 284 943 323; x_wconf 81' lang='lat' dir='ltr'>ductos,</span> <span class='ocrx_word' id='word_1_17' title='bbox 988 286 1112 319; x_wconf 76' lang='lat' dir='ltr'>favores</span> <span class='ocrx_word' id='word_1_18' title='bbox 1150 295 1208 327; x_wconf 84' lang='lat' dir='ltr'>pro</span> <span class='ocrx_word' id='word_1_19' title='bbox 1241 281 1454 326; x_wconf 66' lang='lat' dir='ltr'>dignitatibus</span> <span class='ocrx_word' id='word_1_20' title='bbox 1486 285 1517 314; x_wconf 89' lang='lat' dir='ltr'>et</span> <span class='ocrx_word' id='word_1_21' title='bbox 1549 279 1663 313; x_wconf 83' lang='lat' dir='ltr'>officiis</span> <span class='ocrx_word' id='word_1_22' title='bbox 1692 279 1723 311; x_wconf 91' lang='lat' dir='ltr'>in</span> <span class='ocrx_word' id='word_1_23' title='bbox 1736 291 1792 310; x_wconf 61' lang='lat' dir='ltr'>amo</span> <span class='ocrx_word' id='word_1_24' title='bbox 1839 290 1917 310; x_wconf 58' lang='lat' dir='ltr'>oraine</span> 
     </span>
    </p>
   </div>
   <div class='ocr_carea' id='block_1_5' title="bbox 209 335 1724 378">
    <p class='ocr_par' dir='ltr' id='par_1_5' title="bbox 209 335 1724 378">
     <span class='ocr_line' id='line_1_5' title="bbox 209 335 1724 378; baseline -0.004 -9"><span class='ocrx_word' id='word_1_25' title='bbox 209 337 263 369; x_wconf 87' lang='lat' dir='ltr'>sed</span> <span class='ocrx_word' id='word_1_26' title='bbox 289 342 324 368; x_wconf 88' lang='lat' dir='ltr'>ut</span> <span class='ocrx_word' id='word_1_27' title='bbox 348 347 406 369; x_wconf 93' lang='lat' dir='ltr'>suo</span> <span class='ocrx_word' id='word_1_28' title='bbox 431 336 562 378; x_wconf 77' lang='lat' dir='ltr'>ingenio</span> <span class='ocrx_word' id='word_1_29' title='bbox 587 346 710 368; x_wconf 88' lang='lat' dir='ltr'>morem</span> <span class='ocrx_word' id='word_1_30' title='bbox 737 341 862 377; x_wconf 78' lang='lat' dir='ltr'>gerant,</span> <span class='ocrx_word' id='word_1_31' title='bbox 886 346 946 378; x_wconf 90' lang='lat' dir='ltr'>per</span> <span class='ocrx_word' id='word_1_32' title='bbox 988 338 1072 370; x_wconf 87' lang='lat' dir='ltr'>dicto</span> <span class='ocrx_word' id='word_1_33' title='bbox 1105 336 1226 370; x_wconf 81' lang='lat' dir='ltr'>Ordine</span> <span class='ocrx_word' id='word_1_34' title='bbox 1262 335 1473 378; x_wconf 71' lang='lat' dir='ltr'>assequendis</span> <span class='ocrx_word' id='word_1_35' title='bbox 1507 337 1724 371; x_wconf 89' lang='lat' dir='ltr'>recurrentes,</span> 
     </span>
    </p>
   </div>
   <div class='ocr_carea' id='block_1_6' title="bbox 207 388 948 1065">
    <p class='ocr_par' dir='ltr' id='par_1_6' title="bbox 207 388 948 1065">
     <span class='ocr_line' id='line_1_6' title="bbox 211 388 945 432; baseline -0.004 -10"><span class='ocrx_word' id='word_1_36' title='bbox 211 395 335 432; x_wconf 81' lang='lat' dir='ltr'>tempus</span> <span class='ocrx_word' id='word_1_37' title='bbox 361 389 457 422; x_wconf 86' lang='lat' dir='ltr'>etiam</span> <span class='ocrx_word' id='word_1_38' title='bbox 482 388 627 421; x_wconf 88' lang='lat' dir='ltr'>notabile</span> <span class='ocrx_word' id='word_1_39' title='bbox 653 399 668 420; x_wconf 88' lang='lat' dir='ltr'>a</span> <span class='ocrx_word' id='word_1_40' title='bbox 694 388 757 420; x_wconf 86' lang='lat' dir='ltr'>suis</span> <span class='ocrx_word' id='word_1_41' title='bbox 782 388 945 420; x_wconf 89' lang='lat' dir='ltr'>conventi-</span> 
     </span>
     <span class='ocr_line' id='line_1_7' title="bbox 209 440 943 485; baseline -0.003 -11"><span class='ocrx_word' id='word_1_42' title='bbox 209 442 270 474; x_wconf 88' lang='lat' dir='ltr'>bus</span> <span class='ocrx_word' id='word_1_43' title='bbox 305 448 358 475; x_wconf 90' lang='lat' dir='ltr'>aut</span> <span class='ocrx_word' id='word_1_44' title='bbox 393 442 569 485; x_wconf 87' lang='lat' dir='ltr'>provinciis</span> <span class='ocrx_word' id='word_1_45' title='bbox 607 441 782 483; x_wconf 87' lang='lat' dir='ltr'>respective</span> <span class='ocrx_word' id='word_1_46' title='bbox 818 440 943 479; x_wconf 88' lang='lat' dir='ltr'>abesse,</span> 
     </span>
     <span class='ocr_line' id='line_1_8' title="bbox 208 492 944 538; baseline -0.004 -11"><span class='ocrx_word' id='word_1_47' title='bbox 208 505 347 538; x_wconf 86' lang='lat' dir='ltr'>poenam</span> <span class='ocrx_word' id='word_1_48' title='bbox 374 494 562 537; x_wconf 82' lang='lat' dir='ltr'>privationis</span> <span class='ocrx_word' id='word_1_49' title='bbox 589 493 767 526; x_wconf 83' lang='lat' dir='ltr'>officiorum</span> <span class='ocrx_word' id='word_1_50' title='bbox 792 497 823 525; x_wconf 91' lang='lat' dir='ltr'>et</span> <span class='ocrx_word' id='word_1_51' title='bbox 860 492 944 525; x_wconf 86' lang='lat' dir='ltr'>vocis</span> 
     </span>
     <span class='ocr_line' id='line_1_9' title="bbox 210 544 944 590; baseline -0.003 -12"><span class='ocrx_word' id='word_1_52' title='bbox 210 546 331 580; x_wconf 79' lang='lat' dir='ltr'>activae</span> <span class='ocrx_word' id='word_1_53' title='bbox 355 552 387 580; x_wconf 84' lang='lat' dir='ltr'>et</span> <span class='ocrx_word' id='word_1_54' title='bbox 406 546 551 590; x_wconf 79' lang='lat' dir='ltr'>passivae</span> <span class='ocrx_word' id='word_1_55' title='bbox 570 556 609 579; x_wconf 87' lang='lat' dir='ltr'>eo</span> <span class='ocrx_word' id='word_1_56' title='bbox 628 546 698 589; x_wconf 91' lang='lat' dir='ltr'>ipso</span> <span class='ocrx_word' id='word_1_57' title='bbox 716 544 944 578; x_wconf 86' lang='lat' dir='ltr'>incurrendam</span> 
     </span>
     <span class='ocr_line' id='line_1_10' title="bbox 210 596 946 639; baseline -0.005 -8"><span class='ocrx_word' id='word_1_58' title='bbox 210 598 382 631; x_wconf 84' lang='lat' dir='ltr'>indicimus</span> <span class='ocrx_word' id='word_1_59' title='bbox 406 609 471 632; x_wconf 93' lang='lat' dir='ltr'>non</span> <span class='ocrx_word' id='word_1_60' title='bbox 504 598 600 631; x_wconf 89' lang='lat' dir='ltr'>modo</span> <span class='ocrx_word' id='word_1_61' title='bbox 637 598 788 630; x_wconf 88' lang='lat' dir='ltr'>adversus</span> <span class='ocrx_word' id='word_1_62' title='bbox 821 596 946 639; x_wconf 79' lang='lat' dir='ltr'>priores</span> 
     </span>
     <span class='ocr_line' id='line_1_11' title="bbox 210 649 946 695; baseline -0.005 -11"><span class='ocrx_word' id='word_1_63' title='bbox 210 652 333 684; x_wconf 81' lang='lat' dir='ltr'>locales</span> <span class='ocrx_word' id='word_1_64' title='bbox 359 657 390 684; x_wconf 90' lang='lat' dir='ltr'>et</span> <span class='ocrx_word' id='word_1_65' title='bbox 414 651 629 695; x_wconf 77' lang='lat' dir='ltr'>provinciales</span> <span class='ocrx_word' id='word_1_66' title='bbox 658 651 741 683; x_wconf 88' lang='lat' dir='ltr'>ultra</span> <span class='ocrx_word' id='word_1_67' title='bbox 770 649 865 681; x_wconf 90' lang='lat' dir='ltr'>nnius</span> <span class='ocrx_word' id='word_1_68' title='bbox 891 649 946 681; x_wconf 82' lang='lat' dir='ltr'>lie-</span> 
     </span>
     <span class='ocr_line' id='line_1_12' title="bbox 210 701 944 747; baseline -0.004 -11"><span class='ocrx_word' id='word_1_69' title='bbox 210 703 391 737; x_wconf 83' lang='lat' dir='ltr'>hdomadac</span> <span class='ocrx_word' id='word_1_70' title='bbox 417 704 552 747; x_wconf 85' lang='lat' dir='ltr'>spatium</span> <span class='ocrx_word' id='word_1_71' title='bbox 585 715 600 736; x_wconf 81' lang='lat' dir='ltr'>a</span> <span class='ocrx_word' id='word_1_72' title='bbox 633 703 699 736; x_wconf 87' lang='lat' dir='ltr'>suis</span> <span class='ocrx_word' id='word_1_73' title='bbox 732 701 944 735; x_wconf 85' lang='lat' dir='ltr'>conventibus</span> 
     </span>
     <span class='ocr_line' id='line_1_13' title="bbox 211 755 945 800; baseline -0.005 -10"><span class='ocrx_word' id='word_1_74' title='bbox 211 757 262 790; x_wconf 91' lang='lat' dir='ltr'>vcl</span> <span class='ocrx_word' id='word_1_75' title='bbox 287 757 462 800; x_wconf 89' lang='lat' dir='ltr'>provinciis</span> <span class='ocrx_word' id='word_1_76' title='bbox 481 759 602 800; x_wconf 79' lang='lat' dir='ltr'>absque</span> <span class='ocrx_word' id='word_1_77' title='bbox 622 762 756 799; x_wconf 80' lang='lat' dir='ltr'>urgente</span> <span class='ocrx_word' id='word_1_78' title='bbox 775 755 862 788; x_wconf 86' lang='lat' dir='ltr'>etad</span> <span class='ocrx_word' id='word_1_79' title='bbox 882 764 945 787; x_wconf 87' lang='lat' dir='ltr'>ser-</span> 
     </span>
     <span class='ocr_line' id='line_1_14' title="bbox 210 807 945 851; baseline -0.004 -9"><span class='ocrx_word' id='word_1_80' title='bbox 210 810 321 843; x_wconf 83' lang='lat' dir='ltr'>vitium</span> <span class='ocrx_word' id='word_1_81' title='bbox 347 821 477 843; x_wconf 89' lang='lat' dir='ltr'>suornm</span> <span class='ocrx_word' id='word_1_82' title='bbox 503 816 720 843; x_wconf 84' lang='lat' dir='ltr'>conventuum</span> <span class='ocrx_word' id='word_1_83' title='bbox 747 814 799 842; x_wconf 89' lang='lat' dir='ltr'>aut</span> <span class='ocrx_word' id='word_1_84' title='bbox 824 807 945 851; x_wconf 90' lang='lat' dir='ltr'>provin-</span> 
     </span>
     <span class='ocr_line' id='line_1_15' title="bbox 212 861 943 906; baseline -0.004 -11"><span class='ocrx_word' id='word_1_85' title='bbox 212 862 332 895; x_wconf 88' lang='lat' dir='ltr'>ciarum</span> <span class='ocrx_word' id='word_1_86' title='bbox 357 868 523 906; x_wconf 81' lang='lat' dir='ltr'>spectante</span> <span class='ocrx_word' id='word_1_87' title='bbox 554 862 747 895; x_wconf 74' lang='lat' dir='ltr'>necessitate</span> <span class='ocrx_word' id='word_1_88' title='bbox 784 861 943 899; x_wconf 87' lang='lat' dir='ltr'>abessent,</span> 
     </span>
     <span class='ocr_line' id='line_1_16' title="bbox 207 917 948 951; baseline -0.005 -2"><span class='ocrx_word' id='word_1_89' title='bbox 207 926 318 951; x_wconf 72' lang='lat' dir='ltr'>,verum</span> <span class='ocrx_word' id='word_1_90' title='bbox 345 917 440 949; x_wconf 89' lang='lat' dir='ltr'>etiam</span> <span class='ocrx_word' id='word_1_91' title='bbox 466 917 617 949; x_wconf 87' lang='lat' dir='ltr'>adversus</span> <span class='ocrx_word' id='word_1_92' title='bbox 653 925 766 948; x_wconf 87' lang='lat' dir='ltr'>omnes</span> <span class='ocrx_word' id='word_1_93' title='bbox 800 920 864 946; x_wconf 90' lang='lat' dir='ltr'>tum</span> <span class='ocrx_word' id='word_1_94' title='bbox 900 924 948 945; x_wconf 92' lang='lat' dir='ltr'>su-</span> 
     </span>
     <span class='ocr_line' id='line_1_17' title="bbox 211 968 948 1012; baseline -0.004 -11"><span class='ocrx_word' id='word_1_95' title='bbox 211 969 360 1012; x_wconf 86' lang='lat' dir='ltr'>periores</span> <span class='ocrx_word' id='word_1_96' title='bbox 386 975 450 1002; x_wconf 89' lang='lat' dir='ltr'>tum</span> <span class='ocrx_word' id='word_1_97' title='bbox 477 969 622 1002; x_wconf 89' lang='lat' dir='ltr'>subditos</span> <span class='ocrx_word' id='word_1_98' title='bbox 655 968 872 1001; x_wconf 74' lang='lat' dir='ltr'>concedentes</span> <span class='ocrx_word' id='word_1_99' title='bbox 896 972 948 998; x_wconf 90' lang='lat' dir='ltr'>aut</span> 
     </span>
     <span class='ocr_line' id='line_1_18' title="bbox 210 1021 948 1065; baseline -0.004 -11"><span class='ocrx_word' id='word_1_100' title='bbox 210 1027 360 1064; x_wconf 86' lang='lat' dir='ltr'>petentes</span> <span class='ocrx_word' id='word_1_101' title='bbox 375 1033 433 1065; x_wconf 88' lang='lat' dir='ltr'>per</span> <span class='ocrx_word' id='word_1_102' title='bbox 449 1021 655 1065; x_wconf 87' lang='lat' dir='ltr'>interpositas</span> <span class='ocrx_word' id='word_1_103' title='bbox 671 1029 948 1064; x_wconf 87' lang='lat' dir='ltr'>quarumcumque</span> 
     </span>
    </p>
   </div>
   <div class='ocr_carea' id='block_1_7' title="bbox 211 1072 995 1117">
    <p class='ocr_par' dir='ltr' id='par_1_7' title="bbox 211 1072 995 1117">
     <span class='ocr_line' id='line_1_19' title="bbox 211 1072 995 1117; baseline -0.005 -10"><span class='ocrx_word' id='word_1_104' title='bbox 211 1085 424 1117; x_wconf 86' lang='lat' dir='ltr'>personarum</span> <span class='ocrx_word' id='word_1_105' title='bbox 451 1075 665 1107; x_wconf 87' lang='lat' dir='ltr'>saecularium</span> <span class='ocrx_word' id='word_1_106' title='bbox 692 1083 806 1116; x_wconf 86' lang='lat' dir='ltr'>preces</span> <span class='ocrx_word' id='word_1_107' title='bbox 824 1072 946 1104; x_wconf 85' lang='lat' dir='ltr'>litteras</span> <span class='ocrx_word' id='word_1_108' title='bbox 985 1092 995 1095; x_wconf 85' lang='lat'>-</span> 
     </span>
    </p>
   </div>
   <div class='ocr_carea' id='block_1_8' title="bbox 24 1123 960 2561">
    <p class='ocr_par' dir='ltr' id='par_1_8' title="bbox 213 1123 949 1223">
     <span class='ocr_line' id='line_1_20' title="bbox 213 1123 949 1160; baseline -0.005 0"><span class='ocrx_word' id='word_1_109' title='bbox 213 1127 450 1160; x_wconf 77' lang='lat' dir='ltr'>obedientiales</span> <span class='ocrx_word' id='word_1_110' title='bbox 472 1133 527 1160; x_wconf 86' lang='lat' dir='ltr'>ant</span> <span class='ocrx_word' id='word_1_111' title='bbox 551 1127 588 1160; x_wconf 89' lang='lat' dir='ltr'>ad</span> <span class='ocrx_word' id='word_1_112' title='bbox 608 1125 875 1159; x_wconf 83' lang='lat' dir='ltr'>commorandum</span> <span class='ocrx_word' id='word_1_113' title='bbox 896 1123 949 1157; x_wconf 86' lang='lat' dir='ltr'>ali-</span> 
     </span>
     <span class='ocr_line' id='line_1_21' title="bbox 214 1179 736 1223; baseline -0.002 -11"><span class='ocrx_word' id='word_1_114' title='bbox 214 1179 286 1212; x_wconf 88' lang='lat' dir='ltr'>cubi</span> <span class='ocrx_word' id='word_1_115' title='bbox 314 1182 362 1213; x_wconf 88' lang='lat' dir='ltr'>vel</span> <span class='ocrx_word' id='word_1_116' title='bbox 387 1181 496 1223; x_wconf 80' lang='lat' dir='ltr'>aliquo</span> <span class='ocrx_word' id='word_1_117' title='bbox 522 1180 736 1222; x_wconf 82' lang='lat' dir='ltr'>evagandum.</span> 
     </span>
    </p>

    <p class='ocr_par' dir='ltr' id='par_1_9' title="bbox 24 1231 952 1376">
     <span class='ocr_line' id='line_1_22' title="bbox 55 1231 948 1276; baseline -0.002 -12"><span class='ocrx_word' id='word_1_118' title='bbox 55 1244 86 1274; x_wconf 45' lang='grc' dir='ltr'>,ορ</span> <span class='ocrx_word' id='word_1_119' title='bbox 99 1243 203 1273; x_wconf 47' lang='lat' dir='ltr'>religiosis</span> <span class='ocrx_word' id='word_1_120' title='bbox 258 1233 272 1276; x_wconf 63' lang='grc' dir='ltr'><strong>ἓ</strong></span> <span class='ocrx_word' id='word_1_121' title='bbox 297 1231 329 1265; x_wconf 84' lang='grc'>9.</span> <span class='ocrx_word' id='word_1_122' title='bbox 355 1232 392 1265; x_wconf 90' lang='lat' dir='ltr'>Et</span> <span class='ocrx_word' id='word_1_123' title='bbox 417 1244 457 1265; x_wconf 91' lang='lat' dir='ltr'>ne</span> <span class='ocrx_word' id='word_1_124' title='bbox 478 1233 510 1265; x_wconf 91' lang='lat' dir='ltr'>in</span> <span class='ocrx_word' id='word_1_125' title='bbox 530 1233 625 1265; x_wconf 88' lang='lat' dir='ltr'>buius</span> <span class='ocrx_word' id='word_1_126' title='bbox 646 1234 748 1265; x_wconf 88' lang='lat' dir='ltr'>almae</span> <span class='ocrx_word' id='word_1_127' title='bbox 767 1231 860 1264; x_wconf 83' lang='lat' dir='ltr'>Urbis</span> <span class='ocrx_word' id='word_1_128' title='bbox 878 1241 948 1263; x_wconf 88' lang='lat' dir='ltr'>con-</span> 
     </span>
     <span class='ocr_line' id='line_1_23' title="bbox 24 1270 947 1322; baseline -0.004 -3"><span class='ocrx_word' id='word_1_129' title='bbox 24 1270 204 1319; x_wconf 48' lang='lat' dir='ltr'>fflamuiissff‘ediiss</span> <span class='ocrx_word' id='word_1_130' title='bbox 214 1290 311 1318; x_wconf 88' lang='lat' dir='ltr'>ventu</span> <span class='ocrx_word' id='word_1_131' title='bbox 330 1286 444 1319; x_wconf 83' lang='lat' dir='ltr'>fratres</span> <span class='ocrx_word' id='word_1_132' title='bbox 462 1285 595 1319; x_wconf 87' lang='lat' dir='ltr'>inutiles</span> <span class='ocrx_word' id='word_1_133' title='bbox 630 1295 752 1318; x_wconf 87' lang='lat' dir='ltr'>moram</span> <span class='ocrx_word' id='word_1_134' title='bbox 768 1285 775 1300; x_wconf 83' lang='lat'>¹</span> <span class='ocrx_word' id='word_1_135' title='bbox 806 1284 924 1316; x_wconf 89' lang='lat' dir='ltr'>ducant</span> <span class='ocrx_word' id='word_1_136' title='bbox 940 1309 947 1322; x_wconf 91' lang='lat'>,</span> 
     </span>
     <span class='ocr_line' id='line_1_24' title="bbox 25 1325 952 1376; baseline -0.003 -5"><span class='ocrx_word' id='word_1_137' title='bbox 25 1325 205 1376; x_wconf 55' lang='lat' dir='ltr'>llsslss‘sspssliffi&#39;.</span> <span class='ocrx_word' id='word_1_138' title='bbox 215 1349 252 1371; x_wconf 89' lang='lat' dir='ltr'>ac</span> <span class='ocrx_word' id='word_1_139' title='bbox 272 1339 303 1371; x_wconf 93' lang='lat' dir='ltr'>in</span> <span class='ocrx_word' id='word_1_140' title='bbox 325 1349 437 1372; x_wconf 87' lang='lat' dir='ltr'>eorum</span> <span class='ocrx_word' id='word_1_141' title='bbox 459 1339 748 1371; x_wconf 77' lang='lat' dir='ltr'>substentationem</span> <span class='ocrx_word' id='word_1_142' title='bbox 772 1337 952 1370; x_wconf 83' lang='lat' dir='ltr'>insumatur</span> 
     </span>
    </p>

    <p class='ocr_par' dir='ltr' id='par_1_10' title="bbox 36 1390 960 2561">
     <span class='ocr_line' id='line_1_25' title="bbox 215 1390 952 1434; baseline -0.003 -12"><span class='ocrx_word' id='word_1_143' title='bbox 215 1391 300 1434; x_wconf 89' lang='lat' dir='ltr'>quod</span> <span class='ocrx_word' id='word_1_144' title='bbox 326 1396 536 1433; x_wconf 82' lang='lat' dir='ltr'>aegrotorum</span> <span class='ocrx_word' id='word_1_145' title='bbox 553 1391 700 1424; x_wconf 87' lang='lat' dir='ltr'>levamini</span> <span class='ocrx_word' id='word_1_146' title='bbox 721 1390 870 1429; x_wconf 88' lang='lat' dir='ltr'>debetur,</span> <span class='ocrx_word' id='word_1_147' title='bbox 888 1393 952 1421; x_wconf 88' lang='lat' dir='ltr'>sta-</span> 
     </span>
     <span class='ocr_line' id='line_1_26' title="bbox 216 1443 953 1485; baseline -0.003 -9"><span class='ocrx_word' id='word_1_148' title='bbox 216 1444 345 1485; x_wconf 88' lang='lat' dir='ltr'>tuimus,</span> <span class='ocrx_word' id='word_1_149' title='bbox 359 1444 542 1477; x_wconf 88' lang='lat' dir='ltr'>istiusmodi</span> <span class='ocrx_word' id='word_1_150' title='bbox 563 1444 674 1476; x_wconf 77' lang='lat' dir='ltr'>fratres</span> <span class='ocrx_word' id='word_1_151' title='bbox 694 1443 726 1476; x_wconf 91' lang='lat' dir='ltr'>in</span> <span class='ocrx_word' id='word_1_152' title='bbox 744 1444 858 1476; x_wconf 87' lang='lat' dir='ltr'>eodem</span> <span class='ocrx_word' id='word_1_153' title='bbox 878 1452 953 1474; x_wconf 89' lang='lat' dir='ltr'>con-</span> 
     </span>
     <span class='ocr_line' id='line_1_27' title="bbox 214 1494 951 1540; baseline -0.003 -12"><span class='ocrx_word' id='word_1_154' title='bbox 214 1501 311 1529; x_wconf 79' lang='lat' dir='ltr'>ventu</span> <span class='ocrx_word' id='word_1_155' title='bbox 339 1507 496 1540; x_wconf 82' lang='lat' dir='ltr'>nusquam</span> <span class='ocrx_word' id='word_1_156' title='bbox 524 1497 642 1539; x_wconf 83' lang='lat' dir='ltr'>degere</span> <span class='ocrx_word' id='word_1_157' title='bbox 671 1506 778 1539; x_wconf 85' lang='lat' dir='ltr'>posse,</span> <span class='ocrx_word' id='word_1_158' title='bbox 816 1500 871 1527; x_wconf 88' lang='lat' dir='ltr'>aut</span> <span class='ocrx_word' id='word_1_159' title='bbox 896 1494 951 1527; x_wconf 88' lang='lat' dir='ltr'>ulli</span> 
     </span>
     <span class='ocr_line' id='line_1_28' title="bbox 217 1546 950 1592; baseline -0.005 -10"><span class='ocrx_word' id='word_1_160' title='bbox 217 1549 305 1582; x_wconf 80' lang='lat' dir='ltr'>fratri</span> <span class='ocrx_word' id='word_1_161' title='bbox 331 1549 446 1590; x_wconf 87' lang='lat' dir='ltr'>licere,</span> <span class='ocrx_word' id='word_1_162' title='bbox 474 1549 615 1592; x_wconf 84' lang='lat' dir='ltr'>exceptis</span> <span class='ocrx_word' id='word_1_163' title='bbox 639 1548 788 1582; x_wconf 85' lang='lat' dir='ltr'>discretis</span> <span class='ocrx_word' id='word_1_164' title='bbox 813 1546 950 1587; x_wconf 81' lang='lat' dir='ltr'>Ordinis,</span> 
     </span>
     <span class='ocr_line' id='line_1_29' title="bbox 216 1600 953 1636; baseline -0.005 0"><span class='ocrx_word' id='word_1_165' title='bbox 216 1609 429 1636; x_wconf 86' lang='lat' dir='ltr'>memoratum</span> <span class='ocrx_word' id='word_1_166' title='bbox 455 1607 648 1636; x_wconf 90' lang='lat' dir='ltr'>conventum</span> <span class='ocrx_word' id='word_1_167' title='bbox 682 1602 771 1634; x_wconf 86' lang='lat' dir='ltr'>adire</span> <span class='ocrx_word' id='word_1_168' title='bbox 803 1600 863 1633; x_wconf 89' lang='lat' dir='ltr'>nisi</span> <span class='ocrx_word' id='word_1_169' title='bbox 897 1600 953 1632; x_wconf 85' lang='lat' dir='ltr'>ob·</span> 
     </span>
     <span class='ocr_line' id='line_1_30' title="bbox 217 1653 951 1699; baseline -0.004 -11"><span class='ocrx_word' id='word_1_170' title='bbox 217 1658 306 1688; x_wconf 73' lang='lat' dir='ltr'>tenta</span> <span class='ocrx_word' id='word_1_171' title='bbox 328 1656 419 1699; x_wconf 86' lang='lat' dir='ltr'>prius</span> <span class='ocrx_word' id='word_1_172' title='bbox 439 1656 471 1688; x_wconf 93' lang='lat' dir='ltr'>in</span> <span class='ocrx_word' id='word_1_173' title='bbox 492 1656 621 1699; x_wconf 83' lang='lat' dir='ltr'>scriptis</span> <span class='ocrx_word' id='word_1_174' title='bbox 640 1667 657 1688; x_wconf 90' lang='lat' dir='ltr'>a</span> <span class='ocrx_word' id='word_1_175' title='bbox 675 1654 784 1698; x_wconf 88' lang='lat' dir='ltr'>priore</span> <span class='ocrx_word' id='word_1_176' title='bbox 806 1653 951 1696; x_wconf 77' lang='lat' dir='ltr'>generali</span> 
     </span>
     <span class='ocr_line' id='line_1_31' title="bbox 217 1706 952 1751; baseline -0.004 -10"><span class='ocrx_word' id='word_1_177' title='bbox 217 1708 260 1741; x_wconf 89' lang='lat' dir='ltr'>ob</span> <span class='ocrx_word' id='word_1_178' title='bbox 285 1709 509 1742; x_wconf 84' lang='lat' dir='ltr'>necessitatem</span> <span class='ocrx_word' id='word_1_179' title='bbox 550 1709 589 1741; x_wconf 89' lang='lat' dir='ltr'>ab</span> <span class='ocrx_word' id='word_1_180' title='bbox 629 1719 667 1741; x_wconf 91' lang='lat' dir='ltr'>eo</span> <span class='ocrx_word' id='word_1_181' title='bbox 706 1706 952 1751; x_wconf 82' lang='lat' dir='ltr'>approbandam</span> 
     </span>
     <span class='ocr_line' id='line_1_32' title="bbox 218 1761 952 1804; baseline -0.004 -10"><span class='ocrx_word' id='word_1_182' title='bbox 218 1763 402 1804; x_wconf 80' lang='lat' dir='ltr'>opportuna</span> <span class='ocrx_word' id='word_1_183' title='bbox 427 1761 590 1801; x_wconf 81' lang='lat' dir='ltr'>facultate,</span> <span class='ocrx_word' id='word_1_184' title='bbox 616 1761 715 1804; x_wconf 87' lang='lat' dir='ltr'>idque</span> <span class='ocrx_word' id='word_1_185' title='bbox 742 1761 800 1793; x_wconf 80' lang='lat' dir='ltr'>sul)</span> <span class='ocrx_word' id='word_1_186' title='bbox 826 1764 952 1803; x_wconf 82' lang='lat' dir='ltr'>aposta-</span> 
     </span>
     <span class='ocr_line' id='line_1_33' title="bbox 218 1812 952 1858; baseline -0.005 -10"><span class='ocrx_word' id='word_1_187' title='bbox 218 1814 284 1848; x_wconf 84' lang='lat' dir='ltr'>siae</span> <span class='ocrx_word' id='word_1_188' title='bbox 310 1827 327 1848; x_wconf 88' lang='lat' dir='ltr'>a</span> <span class='ocrx_word' id='word_1_189' title='bbox 352 1815 509 1858; x_wconf 81' lang='lat' dir='ltr'>religione</span> <span class='ocrx_word' id='word_1_190' title='bbox 535 1815 673 1858; x_wconf 88' lang='lat' dir='ltr'>aliisque</span> <span class='ocrx_word' id='word_1_191' title='bbox 707 1814 808 1857; x_wconf 85' lang='lat' dir='ltr'>ipsius</span> <span class='ocrx_word' id='word_1_192' title='bbox 834 1812 952 1856; x_wconf 89' lang='lat' dir='ltr'>prioris</span> 
     </span>
     <span class='ocr_line' id='line_1_34' title="bbox 219 1866 954 1911; baseline -0.005 -10"><span class='ocrx_word' id='word_1_193' title='bbox 219 1869 382 1910; x_wconf 82' lang='lat' dir='ltr'>generalis</span> <span class='ocrx_word' id='word_1_194' title='bbox 407 1867 540 1901; x_wconf 86' lang='lat' dir='ltr'>arbitrio</span> <span class='ocrx_word' id='word_1_195' title='bbox 558 1868 589 1900; x_wconf 90' lang='lat' dir='ltr'>in</span> <span class='ocrx_word' id='word_1_196' title='bbox 607 1876 842 1911; x_wconf 87' lang='lat' dir='ltr'>quemcumque</span> <span class='ocrx_word' id='word_1_197' title='bbox 860 1866 954 1898; x_wconf 86' lang='lat' dir='ltr'>aliter</span> 
     </span>
     <span class='ocr_line' id='line_1_35' title="bbox 219 1919 955 1964; baseline -0.004 -10"><span class='ocrx_word' id='word_1_198' title='bbox 219 1922 424 1954; x_wconf 80' lang='lat' dir='ltr'>accedentem</span> <span class='ocrx_word' id='word_1_199' title='bbox 457 1920 642 1963; x_wconf 80' lang='lat' dir='ltr'>infligendis</span> <span class='ocrx_word' id='word_1_200' title='bbox 674 1920 802 1964; x_wconf 88' lang='lat' dir='ltr'>poenis.</span> <span class='ocrx_word' id='word_1_201' title='bbox 829 1919 872 1952; x_wconf 90' lang='lat' dir='ltr'>Ne</span> <span class='ocrx_word' id='word_1_202' title='bbox 899 1930 955 1952; x_wconf 83' lang='lat' dir='ltr'>au-</span> 
     </span>
     <span class='ocr_line' id='line_1_36' title="bbox 220 1972 954 2017; baseline -0.003 -10"><span class='ocrx_word' id='word_1_203' title='bbox 220 1980 283 2008; x_wconf 87' lang='lat' dir='ltr'>tem</span> <span class='ocrx_word' id='word_1_204' title='bbox 310 1974 423 2007; x_wconf 83' lang='lat' dir='ltr'>fratres</span> <span class='ocrx_word' id='word_1_205' title='bbox 446 1974 603 2017; x_wconf 84' lang='lat' dir='ltr'>praedicti</span> <span class='ocrx_word' id='word_1_206' title='bbox 632 1984 648 2006; x_wconf 84' lang='lat' dir='ltr'>a</span> <span class='ocrx_word' id='word_1_207' title='bbox 671 1974 778 2017; x_wconf 88' lang='lat' dir='ltr'>priore</span> <span class='ocrx_word' id='word_1_208' title='bbox 812 1972 954 2016; x_wconf 77' lang='lat' dir='ltr'>generali</span> 
     </span>
     <span class='ocr_line' id='line_1_37' title="bbox 220 2026 955 2072; baseline -0.003 -12"><span class='ocrx_word' id='word_1_209' title='bbox 220 2027 365 2072; x_wconf 78' lang='lat' dir='ltr'>praefato</span> <span class='ocrx_word' id='word_1_210' title='bbox 392 2027 577 2060; x_wconf 77' lang='lat' dir='ltr'>facultatem</span> <span class='ocrx_word' id='word_1_211' title='bbox 602 2027 759 2060; x_wconf 87' lang='lat' dir='ltr'>eiusmodi</span> <span class='ocrx_word' id='word_1_212' title='bbox 793 2026 955 2059; x_wconf 83' lang='lat' dir='ltr'>favoribus</span> 
     </span>
     <span class='ocr_line' id='line_1_38' title="bbox 220 2078 957 2123; baseline -0.004 -10"><span class='ocrx_word' id='word_1_213' title='bbox 220 2085 414 2123; x_wconf 85' lang='lat' dir='ltr'>extorquere</span> <span class='ocrx_word' id='word_1_214' title='bbox 439 2079 627 2112; x_wconf 87' lang='lat' dir='ltr'>adnitantur</span> <span class='ocrx_word' id='word_1_215' title='bbox 644 2106 651 2120; x_wconf 92' lang='lat'>,</span> <span class='ocrx_word' id='word_1_216' title='bbox 685 2089 824 2122; x_wconf 86' lang='lat' dir='ltr'>poenam</span> <span class='ocrx_word' id='word_1_217' title='bbox 850 2078 957 2122; x_wconf 88' lang='lat' dir='ltr'>priva-</span> 
     </span>
     <span class='ocr_line' id='line_1_39' title="bbox 220 2132 955 2175; baseline -0.003 -10"><span class='ocrx_word' id='word_1_218' title='bbox 220 2132 318 2166; x_wconf 88' lang='lat' dir='ltr'>tionis</span> <span class='ocrx_word' id='word_1_219' title='bbox 343 2132 430 2166; x_wconf 88' lang='lat' dir='ltr'>vocis</span> <span class='ocrx_word' id='word_1_220' title='bbox 455 2133 575 2166; x_wconf 86' lang='lat' dir='ltr'>activae</span> <span class='ocrx_word' id='word_1_221' title='bbox 600 2139 631 2165; x_wconf 90' lang='lat' dir='ltr'>et</span> <span class='ocrx_word' id='word_1_222' title='bbox 655 2132 803 2175; x_wconf 86' lang='lat' dir='ltr'>passivae</span> <span class='ocrx_word' id='word_1_223' title='bbox 829 2141 955 2164; x_wconf 86' lang='lat' dir='ltr'>necnon</span> 
     </span>
     <span class='ocr_line' id='line_1_40' title="bbox 221 2183 956 2226; baseline -0.003 -9"><span class='ocrx_word' id='word_1_224' title='bbox 221 2184 399 2218; x_wconf 85' lang='lat' dir='ltr'>officiorum</span> <span class='ocrx_word' id='word_1_225' title='bbox 426 2185 649 2226; x_wconf 84' lang='lat' dir='ltr'>obtentorum,</span> <span class='ocrx_word' id='word_1_226' title='bbox 677 2189 707 2218; x_wconf 91' lang='lat' dir='ltr'>et</span> <span class='ocrx_word' id='word_1_227' title='bbox 743 2183 956 2217; x_wconf 83' lang='lat' dir='ltr'>inhabilitatis</span> 
     </span>
     <span class='ocr_line' id='line_1_41' title="bbox 222 2238 958 2280; baseline -0.004 -8"><span class='ocrx_word' id='word_1_228' title='bbox 222 2238 261 2272; x_wconf 81' lang='lat' dir='ltr'>ad</span> <span class='ocrx_word' id='word_1_229' title='bbox 287 2238 350 2271; x_wconf 87' lang='lat' dir='ltr'>alia</span> <span class='ocrx_word' id='word_1_230' title='bbox 375 2238 493 2271; x_wconf 85' lang='lat' dir='ltr'>similia</span> <span class='ocrx_word' id='word_1_231' title='bbox 518 2240 566 2271; x_wconf 86' lang='lat' dir='ltr'>vel</span> <span class='ocrx_word' id='word_1_232' title='bbox 593 2238 760 2271; x_wconf 82' lang='lat' dir='ltr'>dissimilia</span> <span class='ocrx_word' id='word_1_233' title='bbox 785 2238 816 2269; x_wconf 93' lang='lat' dir='ltr'>in</span> <span class='ocrx_word' id='word_1_234' title='bbox 849 2242 958 2280; x_wconf 89' lang='lat' dir='ltr'>poste-</span> 
     </span>
     <span class='ocr_line' id='line_1_42' title="bbox 222 2290 958 2333; baseline -0.004 -9"><span class='ocrx_word' id='word_1_235' title='bbox 222 2301 292 2324; x_wconf 82' lang='lat' dir='ltr'>rum</span> <span class='ocrx_word' id='word_1_236' title='bbox 318 2290 507 2330; x_wconf 84' lang='lat' dir='ltr'>obtinenda,</span> <span class='ocrx_word' id='word_1_237' title='bbox 528 2290 691 2329; x_wconf 83' lang='lat' dir='ltr'>fratribus,</span> <span class='ocrx_word' id='word_1_238' title='bbox 710 2290 765 2333; x_wconf 87' lang='lat' dir='ltr'>qui</span> <span class='ocrx_word' id='word_1_239' title='bbox 790 2300 849 2332; x_wconf 88' lang='lat' dir='ltr'>per</span> <span class='ocrx_word' id='word_1_240' title='bbox 874 2290 958 2321; x_wconf 86' lang='lat' dir='ltr'>savo-</span> 
     </span>
     <span class='ocr_line' id='line_1_43' title="bbox 224 2342 959 2386; baseline -0.007 -8"><span class='ocrx_word' id='word_1_241' title='bbox 224 2354 275 2378; x_wconf 87' lang='lat' dir='ltr'>res</span> <span class='ocrx_word' id='word_1_242' title='bbox 288 2344 351 2377; x_wconf 86' lang='lat' dir='ltr'>vim</span> <span class='ocrx_word' id='word_1_243' title='bbox 369 2344 513 2377; x_wconf 81' lang='lat' dir='ltr'>inserunt</span> <span class='ocrx_word' id='word_1_244' title='bbox 533 2343 759 2386; x_wconf 88' lang='lat' dir='ltr'>superioribus</span> <span class='ocrx_word' id='word_1_245' title='bbox 777 2343 814 2375; x_wconf 88' lang='lat' dir='ltr'>ad</span> <span class='ocrx_word' id='word_1_246' title='bbox 835 2342 959 2375; x_wconf 87' lang='lat' dir='ltr'>litteras</span> 
     </span>
     <span class='ocr_line' id='line_1_44' title="bbox 224 2396 933 2440; baseline -0.004 -9"><span class='ocrx_word' id='word_1_247' title='bbox 224 2396 457 2431; x_wconf 84' lang='lat' dir='ltr'>obedientiales</span> <span class='ocrx_word' id='word_1_248' title='bbox 483 2396 714 2440; x_wconf 78' lang='lat' dir='ltr'>impetrandas,</span> <span class='ocrx_word' id='word_1_249' title='bbox 743 2396 933 2438; x_wconf 82' lang='lat' dir='ltr'>irrogamus.</span> 
     </span>
     <span class='ocr_line' id='line_1_45' title="bbox 36 2449 960 2503; baseline 0.005 -27"><span class='ocrx_word' id='word_1_250' title='bbox 36 2454 214 2503; x_wconf 49' lang='lat'>2233531212213</span> <span class='ocrx_word' id='word_1_251' title='bbox 268 2449 357 2494; x_wconf 70' lang='lat'>510.</span> <span class='ocrx_word' id='word_1_252' title='bbox 384 2449 734 2483; x_wconf 86' lang='lat' dir='ltr'>Excommunicationis</span> <span class='ocrx_word' id='word_1_253' title='bbox 767 2459 845 2482; x_wconf 89' lang='lat' dir='ltr'>vero</span> <span class='ocrx_word' id='word_1_254' title='bbox 877 2450 960 2482; x_wconf 87' lang='lat' dir='ltr'>latae</span> 
     </span>
     <span class='ocr_line' id='line_1_46' title="bbox 37 2502 960 2561; baseline -0.004 -23"><span class='ocrx_word' id='word_1_255' title='bbox 37 2504 406 2561; x_wconf 47' lang='lat' dir='ltr'>2233522233333sententiae</span> <span class='ocrx_word' id='word_1_256' title='bbox 431 2505 538 2547; x_wconf 75' lang='lat' dir='ltr'>poena</span> <span class='ocrx_word' id='word_1_257' title='bbox 562 2503 758 2536; x_wconf 87' lang='lat' dir='ltr'>innodamus</span> <span class='ocrx_word' id='word_1_258' title='bbox 783 2503 900 2535; x_wconf 85' lang='lat' dir='ltr'>fratres</span> <span class='ocrx_word' id='word_1_259' title='bbox 921 2502 960 2535; x_wconf 89' lang='lat' dir='ltr'>ad</span> 
     </span>
    </p>
   </div>
   <div class='ocr_carea' id='block_1_9' title="bbox 37 2555 962 2654">
    <p class='ocr_par' dir='ltr' id='par_1_11' title="bbox 37 2555 962 2654">
     <span class='ocr_line' id='line_1_47' title="bbox 37 2555 962 2601; baseline 0 -13"><span class='ocrx_word' id='word_1_260' title='bbox 37 2560 171 2588; x_wconf 62' lang='lat' dir='ltr'>ditnilutibv</span> <span class='ocrx_word' id='word_1_261' title='bbox 195 2563 213 2583; x_wconf 70' lang='lat'>⁵¹¹</span> <span class='ocrx_word' id='word_1_262' title='bbox 226 2566 501 2601; x_wconf 86' lang='lat' dir='ltr'>quarumcumque</span> <span class='ocrx_word' id='word_1_263' title='bbox 518 2555 732 2589; x_wconf 87' lang='lat' dir='ltr'>saecularium</span> <span class='ocrx_word' id='word_1_264' title='bbox 749 2565 962 2598; x_wconf 84' lang='lat' dir='ltr'>personarum</span> 
     </span>
     <span class='ocr_line' id='line_1_48' title="bbox 263 2619 637 2654; baseline -0.011 -7"><span class='ocrx_word' id='word_1_265' title='bbox 263 2620 274 2646; x_wconf 82' lang='lat'><strong>1</strong></span> <span class='ocrx_word' id='word_1_266' title='bbox 297 2620 400 2647; x_wconf 81' lang='lat' dir='ltr'>Forsan</span> <span class='ocrx_word' id='word_1_267' title='bbox 420 2626 515 2647; x_wconf 75' lang='lat' dir='ltr'>moras</span> <span class='ocrx_word' id='word_1_268' title='bbox 534 2620 572 2654; x_wconf 69' lang='lat' dir='ltr'>(tt.</span> <span class='ocrx_word' id='word_1_269' title='bbox 589 2619 637 2651; x_wconf 62' lang='grc' dir='ltr'>τᾷ).</span> 
     </span>
    </p>
   </div>
   <div class='ocr_carea' id='block_1_10' title="bbox 971 1142 980 2077">
    <p class='ocr_par' dir='ltr' id='par_1_12' title="bbox 971 1142 980 2077">
     <span class='ocr_line' id='line_1_49' title="bbox 971 1142 980 2077; baseline 0 0"><span class='ocrx_word' id='word_1_270' title='bbox 971 1142 980 2077; x_wconf 95' lang='lat' dir='ltr'> </span> 
     </span>
    </p>
   </div>
   <div class='ocr_carea' id='block_1_11' title="bbox 1736 317 1882 343">
    <p class='ocr_par' dir='ltr' id='par_1_13' title="bbox 1736 317 1882 343">
     <span class='ocr_line' id='line_1_50' title="bbox 1736 317 1882 343; baseline 0.014 -9"><span class='ocrx_word' id='word_1_271' title='bbox 1736 317 1882 343; x_wconf 54' lang='lat' dir='ltr'>aneqiwwlffl.</span> 
     </span>
    </p>
   </div>
   <div class='ocr_carea' id='block_1_12' title="bbox 988 386 1933 1805">
    <p class='ocr_par' dir='ltr' id='par_1_14' title="bbox 988 386 1928 1754">
     <span class='ocr_line' id='line_1_51' title="bbox 988 386 1724 433; baseline -0.005 -11"><span class='ocrx_word' id='word_1_272' title='bbox 988 391 1126 433; x_wconf 90' lang='lat' dir='ltr'>illosque</span> <span class='ocrx_word' id='word_1_273' title='bbox 1162 390 1294 432; x_wconf 86' lang='lat' dir='ltr'>insuper</span> <span class='ocrx_word' id='word_1_274' title='bbox 1324 399 1360 421; x_wconf 90' lang='lat' dir='ltr'>eo</span> <span class='ocrx_word' id='word_1_275' title='bbox 1393 388 1462 431; x_wconf 87' lang='lat' dir='ltr'>ipso</span> <span class='ocrx_word' id='word_1_276' title='bbox 1492 386 1655 419; x_wconf 79' lang='lat' dir='ltr'>inhabiles</span> <span class='ocrx_word' id='word_1_277' title='bbox 1686 386 1724 418; x_wconf 81' lang='lat' dir='ltr'>ad</span> 
     </span>
     <span class='ocr_line' id='line_1_52' title="bbox 989 439 1724 483; baseline -0.008 -8"><span class='ocrx_word' id='word_1_278' title='bbox 989 443 1095 475; x_wconf 82' lang='lat' dir='ltr'>officia</span> <span class='ocrx_word' id='word_1_279' title='bbox 1121 448 1152 474; x_wconf 92' lang='lat' dir='ltr'>et</span> <span class='ocrx_word' id='word_1_280' title='bbox 1177 441 1374 483; x_wconf 81' lang='lat' dir='ltr'>dignitates,</span> <span class='ocrx_word' id='word_1_281' title='bbox 1393 451 1474 483; x_wconf 86' lang='lat' dir='ltr'>quae</span> <span class='ocrx_word' id='word_1_282' title='bbox 1499 439 1646 471; x_wconf 87' lang='lat' dir='ltr'>ambiunt</span> <span class='ocrx_word' id='word_1_283' title='bbox 1671 448 1724 470; x_wconf 88' lang='lat' dir='ltr'>seu</span> 
     </span>
     <span class='ocr_line' id='line_1_53' title="bbox 988 491 1727 536; baseline -0.007 -9"><span class='ocrx_word' id='word_1_284' title='bbox 988 495 1047 527; x_wconf 88' lang='lat' dir='ltr'>sibi</span> <span class='ocrx_word' id='word_1_285' title='bbox 1074 494 1209 526; x_wconf 88' lang='lat' dir='ltr'>concedi</span> <span class='ocrx_word' id='word_1_286' title='bbox 1228 493 1404 536; x_wconf 79' lang='lat' dir='ltr'>postulant,</span> <span class='ocrx_word' id='word_1_287' title='bbox 1426 493 1640 530; x_wconf 87' lang='lat' dir='ltr'>declaramus,</span> <span class='ocrx_word' id='word_1_288' title='bbox 1662 491 1727 523; x_wconf 82' lang='lat' dir='ltr'>sive</span> 
     </span>
     <span class='ocr_line' id='line_1_54' title="bbox 988 542 1726 590; baseline -0.005 -11"><span class='ocrx_word' id='word_1_289' title='bbox 988 546 1245 590; x_wconf 88' lang='lat' dir='ltr'>procuraverint,</span> <span class='ocrx_word' id='word_1_290' title='bbox 1272 545 1338 577; x_wconf 85' lang='lat' dir='ltr'>sive</span> <span class='ocrx_word' id='word_1_291' title='bbox 1375 550 1499 576; x_wconf 88' lang='lat' dir='ltr'>tantum</span> <span class='ocrx_word' id='word_1_292' title='bbox 1541 542 1726 575; x_wconf 81' lang='lat' dir='ltr'>huiusmodi</span> 
     </span>
     <span class='ocr_line' id='line_1_55' title="bbox 990 597 1727 639; baseline -0.008 -7"><span class='ocrx_word' id='word_1_293' title='bbox 990 600 1115 632; x_wconf 82' lang='lat' dir='ltr'>favores</span> <span class='ocrx_word' id='word_1_294' title='bbox 1134 597 1342 637; x_wconf 70' lang='lat' dir='ltr'>admiserint,</span> <span class='ocrx_word' id='word_1_295' title='bbox 1362 597 1575 639; x_wconf 85' lang='lat' dir='ltr'>eamdemque</span> <span class='ocrx_word' id='word_1_296' title='bbox 1590 606 1727 638; x_wconf 89' lang='lat' dir='ltr'>poenam</span> 
     </span>
     <span class='ocr_line' id='line_1_56' title="bbox 990 647 1727 690; baseline -0.008 -6"><span class='ocrx_word' id='word_1_297' title='bbox 990 652 1153 684; x_wconf 86' lang='lat' dir='ltr'>sancimus</span> <span class='ocrx_word' id='word_1_298' title='bbox 1185 650 1217 682; x_wconf 92' lang='lat' dir='ltr'>in</span> <span class='ocrx_word' id='word_1_299' title='bbox 1243 660 1358 682; x_wconf 84' lang='lat' dir='ltr'>omnes</span> <span class='ocrx_word' id='word_1_300' title='bbox 1384 650 1456 682; x_wconf 86' lang='lat' dir='ltr'>illos</span> <span class='ocrx_word' id='word_1_301' title='bbox 1484 649 1598 680; x_wconf 77' lang='lat' dir='ltr'>fratres</span> <span class='ocrx_word' id='word_1_302' title='bbox 1615 674 1622 686; x_wconf 90' lang='lat'>,</span> <span class='ocrx_word' id='word_1_303' title='bbox 1648 647 1701 690; x_wconf 87' lang='lat' dir='ltr'>qni</span> <span class='ocrx_word' id='word_1_304' title='bbox 1720 674 1727 685; x_wconf 91' lang='lat'>,</span> 
     </span>
     <span class='ocr_line' id='line_1_57' title="bbox 989 699 1728 748; baseline -0.009 -11"><span class='ocrx_word' id='word_1_305' title='bbox 989 704 1163 748; x_wconf 86' lang='lat' dir='ltr'>praedictis</span> <span class='ocrx_word' id='word_1_306' title='bbox 1186 702 1348 736; x_wconf 81' lang='lat' dir='ltr'>savoribns</span> <span class='ocrx_word' id='word_1_307' title='bbox 1367 701 1508 734; x_wconf 75' lang='lat' dir='ltr'>lacessiti</span> <span class='ocrx_word' id='word_1_308' title='bbox 1528 711 1582 733; x_wconf 88' lang='lat' dir='ltr'>seu</span> <span class='ocrx_word' id='word_1_309' title='bbox 1602 699 1728 742; x_wconf 82' lang='lat' dir='ltr'>pulsati,</span> 
     </span>
     <span class='ocr_line' id='line_1_58' title="bbox 989 752 1730 800; baseline -0.009 -10"><span class='ocrx_word' id='word_1_310' title='bbox 989 757 1096 800; x_wconf 90' lang='lat' dir='ltr'>palam</span> <span class='ocrx_word' id='word_1_311' title='bbox 1114 757 1271 789; x_wconf 85' lang='lat' dir='ltr'>electores</span> <span class='ocrx_word' id='word_1_312' title='bbox 1298 756 1336 788; x_wconf 83' lang='lat' dir='ltr'>dc</span> <span class='ocrx_word' id='word_1_313' title='bbox 1363 755 1427 787; x_wconf 88' lang='lat' dir='ltr'>illis</span> <span class='ocrx_word' id='word_1_314' title='bbox 1445 764 1509 786; x_wconf 82' lang='lat' dir='ltr'>non</span> <span class='ocrx_word' id='word_1_315' title='bbox 1528 752 1730 790; x_wconf 65' lang='lat' dir='ltr'>caccum-ini,</span> 
     </span>
     <span class='ocr_line' id='line_1_59' title="bbox 990 806 1742 850; baseline -0.011 -6"><span class='ocrx_word' id='word_1_316' title='bbox 990 820 1119 844; x_wconf 87' lang='lat' dir='ltr'>necnon</span> <span class='ocrx_word' id='word_1_317' title='bbox 1145 810 1176 841; x_wconf 94' lang='lat' dir='ltr'>in</span> <span class='ocrx_word' id='word_1_318' title='bbox 1198 809 1344 850; x_wconf 72' lang='lat' dir='ltr'>singulos</span> <span class='ocrx_word' id='word_1_319' title='bbox 1370 809 1538 846; x_wconf 75' lang='lat' dir='ltr'>electores,</span> <span class='ocrx_word' id='word_1_320' title='bbox 1561 806 1626 849; x_wconf 77' lang='lat' dir='ltr'>qui,</span> <span class='ocrx_word' id='word_1_321' title='bbox 1644 810 1742 848; x_wconf 64' lang='lat' dir='ltr'>post-&gt;</span> 
     </span>
     <span class='ocr_line' id='line_1_60' title="bbox 991 858 1731 908; baseline -0.011 -11"><span class='ocrx_word' id='word_1_322' title='bbox 991 875 1086 908; x_wconf 87' lang='lat' dir='ltr'>quam</span> <span class='ocrx_word' id='word_1_323' title='bbox 1108 864 1146 896; x_wconf 86' lang='lat' dir='ltr'>de</span> <span class='ocrx_word' id='word_1_324' title='bbox 1173 863 1232 894; x_wconf 84' lang='lat' dir='ltr'>hac</span> <span class='ocrx_word' id='word_1_325' title='bbox 1259 872 1292 894; x_wconf 89' lang='lat' dir='ltr'>re</span> <span class='ocrx_word' id='word_1_326' title='bbox 1310 861 1473 894; x_wconf 87' lang='lat' dir='ltr'>certiorati</span> <span class='ocrx_word' id='word_1_327' title='bbox 1493 860 1623 898; x_wconf 82' lang='lat' dir='ltr'>suerint,</span> <span class='ocrx_word' id='word_1_328' title='bbox 1648 858 1731 890; x_wconf 85' lang='lat' dir='ltr'>nibi-</span> 
     </span>
     <span class='ocr_line' id='line_1_61' title="bbox 991 912 1731 955; baseline -0.009 -5"><span class='ocrx_word' id='word_1_329' title='bbox 991 917 1131 950; x_wconf 90' lang='lat' dir='ltr'>lominus</span> <span class='ocrx_word' id='word_1_330' title='bbox 1158 915 1274 948; x_wconf 80' lang='lat' dir='ltr'>fratres</span> <span class='ocrx_word' id='word_1_331' title='bbox 1300 915 1422 947; x_wconf 77' lang='lat' dir='ltr'>favores</span> <span class='ocrx_word' id='word_1_332' title='bbox 1445 912 1628 955; x_wconf 87' lang='lat' dir='ltr'>praedictos</span> <span class='ocrx_word' id='word_1_333' title='bbox 1657 922 1731 954; x_wconf 89' lang='lat' dir='ltr'>pro-</span> 
     </span>
     <span class='ocr_line' id='line_1_62' title="bbox 991 965 1730 1007; baseline -0.008 -5"><span class='ocrx_word' id='word_1_334' title='bbox 991 975 1140 1003; x_wconf 88' lang='lat' dir='ltr'>curantes</span> <span class='ocrx_word' id='word_1_335' title='bbox 1177 979 1231 1000; x_wconf 88' lang='lat' dir='ltr'>seu</span> <span class='ocrx_word' id='word_1_336' title='bbox 1269 966 1476 1000; x_wconf 86' lang='lat' dir='ltr'>admittentes</span> <span class='ocrx_word' id='word_1_337' title='bbox 1514 965 1635 1007; x_wconf 78' lang='lat' dir='ltr'>eligere</span> <span class='ocrx_word' id='word_1_338' title='bbox 1666 975 1730 997; x_wconf 92' lang='lat' dir='ltr'>non</span> 
     </span>
     <span class='ocr_line' id='line_1_63' title="bbox 992 1022 1225 1055; baseline -0.009 0"><span class='ocrx_word' id='word_1_339' title='bbox 992 1022 1225 1055; x_wconf 80' lang='lat' dir='ltr'>dubitaverint.</span> 
     </span>
     <span class='ocr_line' id='line_1_64' title="bbox 1035 1072 1928 1126; baseline -0.007 -18"><span class='ocrx_word' id='word_1_340' title='bbox 1035 1076 1049 1119; x_wconf 64' lang='grc' dir='ltr'><strong>ἓ</strong></span> <span class='ocrx_word' id='word_1_341' title='bbox 1076 1075 1127 1107; x_wconf 77' lang='grc' dir='ltr'>Η.</span> <span class='ocrx_word' id='word_1_342' title='bbox 1155 1074 1229 1113; x_wconf 88' lang='lat' dir='ltr'>Sed,</span> <span class='ocrx_word' id='word_1_343' title='bbox 1255 1080 1286 1106; x_wconf 88' lang='lat' dir='ltr'>ct</span> <span class='ocrx_word' id='word_1_344' title='bbox 1309 1073 1465 1116; x_wconf 86' lang='lat' dir='ltr'>quasdam</span> <span class='ocrx_word' id='word_1_345' title='bbox 1499 1072 1928 1126; x_wconf 60' lang='lat' dir='ltr'>00¹¹“0Vffl&#39;35215„2·},52³,‘‡,⁰,Sss¹‚1123</span> 
     </span>
     <span class='ocr_line' id='line_1_65' title="bbox 992 1122 1911 1172; baseline -0.007 -11"><span class='ocrx_word' id='word_1_346' title='bbox 992 1139 1090 1172; x_wconf 86' lang='lat' dir='ltr'>super</span> <span class='ocrx_word' id='word_1_347' title='bbox 1125 1126 1355 1171; x_wconf 78' lang='lat' dir='ltr'>praecedentia</span> <span class='ocrx_word' id='word_1_348' title='bbox 1391 1126 1477 1158; x_wconf 86' lang='lat' dir='ltr'>inter</span> <span class='ocrx_word' id='word_1_349' title='bbox 1508 1125 1582 1158; x_wconf 87' lang='lat' dir='ltr'>illos</span> <span class='ocrx_word' id='word_1_350' title='bbox 1618 1131 1649 1158; x_wconf 91' lang='lat' dir='ltr'>et</span> <span class='ocrx_word' id='word_1_351' title='bbox 1680 1122 1911 1168; x_wconf 66' lang='lat' dir='ltr'>quitesommezites.</span> 
     </span>
     <span class='ocr_line' id='line_1_66' title="bbox 993 1178 1735 1223; baseline -0.008 -8"><span class='ocrx_word' id='word_1_352' title='bbox 993 1183 1095 1215; x_wconf 83' lang='lat' dir='ltr'>officia</span> <span class='ocrx_word' id='word_1_353' title='bbox 1122 1187 1153 1214; x_wconf 89' lang='lat' dir='ltr'>et</span> <span class='ocrx_word' id='word_1_354' title='bbox 1178 1180 1353 1223; x_wconf 82' lang='lat' dir='ltr'>dignitates</span> <span class='ocrx_word' id='word_1_355' title='bbox 1379 1179 1409 1211; x_wconf 93' lang='lat' dir='ltr'>in</span> <span class='ocrx_word' id='word_1_356' title='bbox 1435 1178 1554 1211; x_wconf 88' lang='lat' dir='ltr'>Ordine</span> <span class='ocrx_word' id='word_1_357' title='bbox 1586 1178 1735 1210; x_wconf 88' lang='lat' dir='ltr'>obtinent</span> 
     </span>
     <span class='ocr_line' id='line_1_67' title="bbox 993 1232 1733 1270; baseline -0.008 -2"><span class='ocrx_word' id='word_1_358' title='bbox 993 1236 1122 1269; x_wconf 85' lang='lat' dir='ltr'>obortas</span> <span class='ocrx_word' id='word_1_359' title='bbox 1160 1234 1314 1266; x_wconf 86' lang='lat' dir='ltr'>dirimere</span> <span class='ocrx_word' id='word_1_360' title='bbox 1351 1234 1518 1270; x_wconf 84' lang='lat' dir='ltr'>volentes,</span> <span class='ocrx_word' id='word_1_361' title='bbox 1543 1232 1733 1264; x_wconf 78' lang='lat' dir='ltr'>mandamus</span> 
     </span>
     <span class='ocr_line' id='line_1_68' title="bbox 994 1281 1734 1330; baseline -0.008 -11"><span class='ocrx_word' id='word_1_362' title='bbox 994 1293 1151 1330; x_wconf 83' lang='lat' dir='ltr'>quatenus</span> <span class='ocrx_word' id='word_1_363' title='bbox 1187 1285 1308 1328; x_wconf 84' lang='lat' dir='ltr'>primus</span> <span class='ocrx_word' id='word_1_364' title='bbox 1334 1283 1473 1322; x_wconf 81' lang='lat' dir='ltr'>vocalis,</span> <span class='ocrx_word' id='word_1_365' title='bbox 1500 1283 1530 1314; x_wconf 89' lang='lat' dir='ltr'>in</span> <span class='ocrx_word' id='word_1_366' title='bbox 1558 1281 1734 1325; x_wconf 87' lang='lat' dir='ltr'>provinciis</span> 
     </span>
     <span class='ocr_line' id='line_1_69' title="bbox 995 1336 1735 1383; baseline -0.007 -10"><span class='ocrx_word' id='word_1_367' title='bbox 995 1341 1070 1383; x_wconf 78' lang='lat' dir='ltr'>eligi</span> <span class='ocrx_word' id='word_1_368' title='bbox 1097 1340 1211 1373; x_wconf 88' lang='lat' dir='ltr'>solitus</span> <span class='ocrx_word' id='word_1_369' title='bbox 1229 1349 1288 1382; x_wconf 86' lang='lat' dir='ltr'>pro</span> <span class='ocrx_word' id='word_1_370' title='bbox 1314 1337 1453 1380; x_wconf 79' lang='lat' dir='ltr'>negotiis</span> <span class='ocrx_word' id='word_1_371' title='bbox 1471 1343 1501 1369; x_wconf 92' lang='lat' dir='ltr'>et</span> <span class='ocrx_word' id='word_1_372' title='bbox 1521 1336 1735 1369; x_wconf 82' lang='lat' dir='ltr'>electionibus</span> 
     </span>
     <span class='ocr_line' id='line_1_70' title="bbox 995 1389 1738 1437; baseline -0.008 -11"><span class='ocrx_word' id='word_1_373' title='bbox 995 1393 1128 1437; x_wconf 87' lang='lat' dir='ltr'>capituli</span> <span class='ocrx_word' id='word_1_374' title='bbox 1166 1390 1339 1435; x_wconf 45' lang='lat' dir='ltr'>generali&amp;</span> <span class='ocrx_word' id='word_1_375' title='bbox 1370 1395 1444 1433; x_wconf 81' lang='lat' dir='ltr'>post</span> <span class='ocrx_word' id='word_1_376' title='bbox 1480 1389 1624 1433; x_wconf 81' lang='lat' dir='ltr'>priorem</span> <span class='ocrx_word' id='word_1_377' title='bbox 1661 1399 1738 1421; x_wconf 90' lang='lat' dir='ltr'>con-</span> 
     </span>
     <span class='ocr_line' id='line_1_71' title="bbox 995 1443 1736 1488; baseline -0.009 -8"><span class='ocrx_word' id='word_1_378' title='bbox 995 1448 1190 1487; x_wconf 87' lang='lat' dir='ltr'>ventualem,</span> <span class='ocrx_word' id='word_1_379' title='bbox 1211 1444 1468 1488; x_wconf 78' lang='lat' dir='ltr'>exprovinciales</span> <span class='ocrx_word' id='word_1_380' title='bbox 1494 1449 1526 1476; x_wconf 89' lang='lat' dir='ltr'>et</span> <span class='ocrx_word' id='word_1_381' title='bbox 1549 1443 1736 1475; x_wconf 84' lang='lat' dir='ltr'>sacerdotes</span> 
     </span>
     <span class='ocr_line' id='line_1_72' title="bbox 995 1496 1737 1543; baseline -0.011 -9"><span class='ocrx_word' id='word_1_382' title='bbox 995 1511 1133 1539; x_wconf 89' lang='lat' dir='ltr'>omncs,</span> <span class='ocrx_word' id='word_1_383' title='bbox 1167 1499 1339 1543; x_wconf 88' lang='lat' dir='ltr'>praecedat</span> <span class='ocrx_word' id='word_1_384' title='bbox 1376 1506 1598 1540; x_wconf 81' lang='lat' dir='ltr'>quoscumque</span> <span class='ocrx_word' id='word_1_385' title='bbox 1635 1496 1737 1531; x_wconf 88' lang='lat' dir='ltr'>alios,</span> 
     </span>
     <span class='ocr_line' id='line_1_73' title="bbox 996 1548 1736 1597; baseline -0.011 -11"><span class='ocrx_word' id='word_1_386' title='bbox 996 1553 1151 1597; x_wconf 87' lang='lat' dir='ltr'>quamdiu</span> <span class='ocrx_word' id='word_1_387' title='bbox 1192 1552 1316 1595; x_wconf 89' lang='lat' dir='ltr'>primus</span> <span class='ocrx_word' id='word_1_388' title='bbox 1357 1549 1476 1583; x_wconf 87' lang='lat' dir='ltr'>vocalis</span> <span class='ocrx_word' id='word_1_389' title='bbox 1516 1548 1597 1588; x_wconf 87' lang='lat' dir='ltr'>erit,</span> <span class='ocrx_word' id='word_1_390' title='bbox 1637 1553 1736 1590; x_wconf 88' lang='lat' dir='ltr'>utque</span> 
     </span>
     <span class='ocr_line' id='line_1_74' title="bbox 996 1601 1738 1649; baseline -0.011 -10"><span class='ocrx_word' id='word_1_391' title='bbox 996 1606 1123 1649; x_wconf 78' lang='lat' dir='ltr'>prlores</span> <span class='ocrx_word' id='word_1_392' title='bbox 1147 1605 1268 1638; x_wconf 84' lang='lat' dir='ltr'>locales</span> <span class='ocrx_word' id='word_1_393' title='bbox 1294 1613 1408 1636; x_wconf 89' lang='lat' dir='ltr'>omnes</span> <span class='ocrx_word' id='word_1_394' title='bbox 1435 1601 1574 1634; x_wconf 85' lang='lat' dir='ltr'>vicarios</span> <span class='ocrx_word' id='word_1_395' title='bbox 1599 1610 1738 1633; x_wconf 84' lang='lat' dir='ltr'>conven-</span> 
     </span>
     <span class='ocr_line' id='line_1_75' title="bbox 998 1653 1739 1700; baseline -0.009 -9"><span class='ocrx_word' id='word_1_396' title='bbox 998 1659 1098 1691; x_wconf 85' lang='lat' dir='ltr'>tuales</span> <span class='ocrx_word' id='word_1_397' title='bbox 1116 1658 1148 1690; x_wconf 95' lang='lat' dir='ltr'>in</span> <span class='ocrx_word' id='word_1_398' title='bbox 1166 1657 1426 1700; x_wconf 84' lang='lat' dir='ltr'>quibuscumque</span> <span class='ocrx_word' id='word_1_399' title='bbox 1448 1653 1662 1688; x_wconf 85' lang='lat' dir='ltr'>conventibus</span> <span class='ocrx_word' id='word_1_400' title='bbox 1684 1662 1739 1695; x_wconf 89' lang='lat' dir='ltr'>pa-</span> 
     </span>
     <span class='ocr_line' id='line_1_76' title="bbox 997 1711 1309 1754; baseline -0.01 -10"><span class='ocrx_word' id='word_1_401' title='bbox 997 1712 1078 1744; x_wconf 89' lang='lat' dir='ltr'>riter</span> <span class='ocrx_word' id='word_1_402' title='bbox 1102 1711 1309 1754; x_wconf 86' lang='lat' dir='ltr'>praecedant.</span> 
     </span>
    </p>

    <p class='ocr_par' dir='ltr' id='par_1_15' title="bbox 1040 1757 1933 1805">
     <span class='ocr_line' id='line_1_77' title="bbox 1040 1757 1933 1805; baseline -0.013 -10"><span class='ocrx_word' id='word_1_403' title='bbox 1040 1763 1054 1805; x_wconf 73' lang='lat'>§</span> <span class='ocrx_word' id='word_1_404' title='bbox 1081 1761 1133 1794; x_wconf 73' lang='lat'>102.</span> <span class='ocrx_word' id='word_1_405' title='bbox 1167 1761 1322 1804; x_wconf 84' lang='lat' dir='ltr'>Insuper,</span> <span class='ocrx_word' id='word_1_406' title='bbox 1350 1765 1385 1791; x_wconf 91' lang='lat' dir='ltr'>ut</span> <span class='ocrx_word' id='word_1_407' title='bbox 1411 1758 1521 1792; x_wconf 89' lang='lat' dir='ltr'>tutiori</span> <span class='ocrx_word' id='word_1_408' title='bbox 1553 1757 1738 1791; x_wconf 86' lang='lat' dir='ltr'>reddituum</span> <span class='ocrx_word' id='word_1_409' title='bbox 1750 1766 1779 1786; x_wconf 67' lang='lat' dir='ltr'>ne</span> <span class='ocrx_word' id='word_1_410' title='bbox 1800 1765 1933 1785; x_wconf 62' lang='lat' dir='ltr'>administra.</span> 
     </span>
    </p>
   </div>
   <div class='ocr_carea' id='block_1_13' title="bbox 997 1791 1936 1858">
    <p class='ocr_par' dir='ltr' id='par_1_16' title="bbox 997 1791 1936 1858">
     <span class='ocr_line' id='line_1_78' title="bbox 997 1791 1936 1858; baseline -0.013 -10"><span class='ocrx_word' id='word_1_411' title='bbox 997 1815 1199 1858; x_wconf 80' lang='lat' dir='ltr'>singulorum</span> <span class='ocrx_word' id='word_1_412' title='bbox 1218 1819 1436 1847; x_wconf 88' lang='lat' dir='ltr'>conventuum</span> <span class='ocrx_word' id='word_1_413' title='bbox 1456 1810 1507 1845; x_wconf 90' lang='lat' dir='ltr'>et¹</span> <span class='ocrx_word' id='word_1_414' title='bbox 1526 1791 1936 1854; x_wconf 55' lang='lat' dir='ltr'>hospitalium{iffissssiififfi&#39;ffl</span> 
     </span>
    </p>
   </div>
   <div class='ocr_carea' id='block_1_14' title="bbox 998 1846 1933 2596">
    <p class='ocr_par' dir='ltr' id='par_1_17' title="bbox 998 1846 1933 2596">
     <span class='ocr_line' id='line_1_79' title="bbox 998 1846 1933 1907; baseline -0.011 -5"><span class='ocrx_word' id='word_1_415' title='bbox 998 1868 1270 1902; x_wconf 87' lang='lat' dir='ltr'>administrationi</span> <span class='ocrx_word' id='word_1_416' title='bbox 1303 1871 1432 1899; x_wconf 82' lang='lat' dir='ltr'>cautum</span> <span class='ocrx_word' id='word_1_417' title='bbox 1458 1865 1511 1904; x_wconf 87' lang='lat' dir='ltr'>sit,</span> <span class='ocrx_word' id='word_1_418' title='bbox 1538 1849 1880 1907; x_wconf 56' lang='lat' dir='ltr'>iniungimus{fii¹1i1&#39;ii¹ii&#39;1¹11f&#39;t</span> <span class='ocrx_word' id='word_1_419' title='bbox 1895 1846 1933 1867; x_wconf 55' lang='grc' dir='ltr'>Μ’</span> 
     </span>
     <span class='ocr_line' id='line_1_80' title="bbox 998 1917 1739 1966; baseline -0.007 -11"><span class='ocrx_word' id='word_1_420' title='bbox 998 1921 1163 1966; x_wconf 87' lang='lat' dir='ltr'>prioribus</span> <span class='ocrx_word' id='word_1_421' title='bbox 1182 1918 1458 1958; x_wconf 88' lang='lat' dir='ltr'>conventualibus,</span> <span class='ocrx_word' id='word_1_422' title='bbox 1477 1924 1520 1957; x_wconf 86' lang='lat' dir='ltr'>ut,</span> <span class='ocrx_word' id='word_1_423' title='bbox 1542 1917 1739 1960; x_wconf 86' lang='lat' dir='ltr'>quotidianis</span> 
     </span>
     <span class='ocr_line' id='line_1_81' title="bbox 998 1971 1739 2014; baseline -0.008 -6"><span class='ocrx_word' id='word_1_424' title='bbox 998 1973 1253 2008; x_wconf 88' lang='lat' dir='ltr'>comestibilibus</span> <span class='ocrx_word' id='word_1_425' title='bbox 1291 1978 1321 2005; x_wconf 87' lang='lat' dir='ltr'>et</span> <span class='ocrx_word' id='word_1_426' title='bbox 1356 1971 1427 2004; x_wconf 85' lang='lat' dir='ltr'>aliis</span> <span class='ocrx_word' id='word_1_427' title='bbox 1464 1971 1624 2014; x_wconf 84' lang='lat' dir='ltr'>expensis,</span> <span class='ocrx_word' id='word_1_428' title='bbox 1657 1980 1739 2013; x_wconf 86' lang='lat' dir='ltr'>quae</span> 
     </span>
     <span class='ocr_line' id='line_1_82' title="bbox 999 2027 1738 2060; baseline -0.007 0"><span class='ocrx_word' id='word_1_429' title='bbox 999 2038 1156 2060; x_wconf 89' lang='lat' dir='ltr'>summam</span> <span class='ocrx_word' id='word_1_430' title='bbox 1172 2027 1309 2058; x_wconf 86' lang='lat' dir='ltr'>duorum</span> <span class='ocrx_word' id='word_1_431' title='bbox 1325 2030 1489 2057; x_wconf 84' lang='lat' dir='ltr'>scutorum</span> <span class='ocrx_word' id='word_1_432' title='bbox 1503 2029 1654 2057; x_wconf 82' lang='lat' dir='ltr'>monetae</span> <span class='ocrx_word' id='word_1_433' title='bbox 1675 2033 1738 2056; x_wconf 91' lang='lat' dir='ltr'>non</span> 
     </span>
     <span class='ocr_line' id='line_1_83' title="bbox 1000 2077 1739 2120; baseline -0.009 -6"><span class='ocrx_word' id='word_1_434' title='bbox 1000 2081 1172 2120; x_wconf 86' lang='lat' dir='ltr'>excedent,</span> <span class='ocrx_word' id='word_1_435' title='bbox 1190 2080 1358 2112; x_wconf 78' lang='lat' dir='ltr'>dumtaxat</span> <span class='ocrx_word' id='word_1_436' title='bbox 1383 2077 1543 2120; x_wconf 79' lang='lat' dir='ltr'>exceptis,</span> <span class='ocrx_word' id='word_1_437' title='bbox 1564 2077 1686 2109; x_wconf 87' lang='lat' dir='ltr'>nnllam</span> <span class='ocrx_word' id='word_1_438' title='bbox 1708 2086 1739 2108; x_wconf 92' lang='lat' dir='ltr'>a-</span> 
     </span>
     <span class='ocr_line' id='line_1_84' title="bbox 999 2129 1741 2175; baseline -0.007 -9"><span class='ocrx_word' id='word_1_439' title='bbox 999 2134 1073 2166; x_wconf 85' lang='lat' dir='ltr'>liam</span> <span class='ocrx_word' id='word_1_440' title='bbox 1099 2144 1167 2165; x_wconf 92' lang='lat' dir='ltr'>rem</span> <span class='ocrx_word' id='word_1_441' title='bbox 1194 2131 1322 2175; x_wconf 89' lang='lat' dir='ltr'>penitus</span> <span class='ocrx_word' id='word_1_442' title='bbox 1341 2141 1447 2164; x_wconf 89' lang='lat' dir='ltr'>emere</span> <span class='ocrx_word' id='word_1_443' title='bbox 1467 2130 1517 2162; x_wconf 91' lang='lat' dir='ltr'>vel</span> <span class='ocrx_word' id='word_1_444' title='bbox 1543 2129 1638 2162; x_wconf 88' lang='lat' dir='ltr'>etiam</span> <span class='ocrx_word' id='word_1_445' title='bbox 1667 2139 1741 2162; x_wconf 89' lang='lat' dir='ltr'>ven-</span> 
     </span>
     <span class='ocr_line' id='line_1_85' title="bbox 1000 2183 1739 2226; baseline -0.008 -6"><span class='ocrx_word' id='word_1_446' title='bbox 1000 2187 1077 2220; x_wconf 90' lang='lat' dir='ltr'>dere</span> <span class='ocrx_word' id='word_1_447' title='bbox 1095 2187 1235 2226; x_wconf 83' lang='lat' dir='ltr'>raleant,</span> <span class='ocrx_word' id='word_1_448' title='bbox 1255 2185 1313 2217; x_wconf 88' lang='lat' dir='ltr'>nisi</span> <span class='ocrx_word' id='word_1_449' title='bbox 1335 2185 1465 2217; x_wconf 80' lang='lat' dir='ltr'>obtenta</span> <span class='ocrx_word' id='word_1_450' title='bbox 1490 2183 1577 2225; x_wconf 86' lang='lat' dir='ltr'>prius</span> <span class='ocrx_word' id='word_1_451' title='bbox 1595 2194 1612 2215; x_wconf 88' lang='lat' dir='ltr'>a</span> <span class='ocrx_word' id='word_1_452' title='bbox 1630 2183 1739 2225; x_wconf 84' lang='lat' dir='ltr'>priore</span> 
     </span>
     <span class='ocr_line' id='line_1_86' title="bbox 1000 2234 1741 2282; baseline -0.008 -9"><span class='ocrx_word' id='word_1_453' title='bbox 1000 2239 1167 2282; x_wconf 82' lang='lat' dir='ltr'>generali,</span> <span class='ocrx_word' id='word_1_454' title='bbox 1195 2238 1300 2281; x_wconf 85' lang='lat' dir='ltr'>quoad</span> <span class='ocrx_word' id='word_1_455' title='bbox 1326 2242 1502 2270; x_wconf 74' lang='lat' dir='ltr'>conventus</span> <span class='ocrx_word' id='word_1_456' title='bbox 1526 2236 1606 2279; x_wconf 90' lang='lat' dir='ltr'>ipsis</span> <span class='ocrx_word' id='word_1_457' title='bbox 1631 2234 1741 2268; x_wconf 87' lang='lat' dir='ltr'>subie-</span> 
     </span>
     <span class='ocr_line' id='line_1_87' title="bbox 1000 2288 1741 2334; baseline -0.005 -10"><span class='ocrx_word' id='word_1_458' title='bbox 1000 2297 1078 2332; x_wconf 88' lang='lat' dir='ltr'>ctos,</span> <span class='ocrx_word' id='word_1_459' title='bbox 1104 2302 1158 2324; x_wconf 88' lang='lat' dir='ltr'>sen</span> <span class='ocrx_word' id='word_1_460' title='bbox 1195 2302 1212 2324; x_wconf 92' lang='lat' dir='ltr'>a</span> <span class='ocrx_word' id='word_1_461' title='bbox 1248 2291 1358 2334; x_wconf 88' lang='lat' dir='ltr'>priore</span> <span class='ocrx_word' id='word_1_462' title='bbox 1395 2289 1594 2332; x_wconf 89' lang='lat' dir='ltr'>provinciali,</span> <span class='ocrx_word' id='word_1_463' title='bbox 1632 2288 1741 2332; x_wconf 89' lang='lat' dir='ltr'>quoad</span> 
     </span>
     <span class='ocr_line' id='line_1_88' title="bbox 1001 2341 1741 2387; baseline -0.004 -11"><span class='ocrx_word' id='word_1_464' title='bbox 1001 2346 1146 2387; x_wconf 87' lang='lat' dir='ltr'>reliquos</span> <span class='ocrx_word' id='word_1_465' title='bbox 1165 2349 1353 2383; x_wconf 76' lang='lat' dir='ltr'>conventus,</span> <span class='ocrx_word' id='word_1_466' title='bbox 1373 2342 1568 2385; x_wconf 87' lang='lat' dir='ltr'>emptionem</span> <span class='ocrx_word' id='word_1_467' title='bbox 1588 2341 1741 2374; x_wconf 89' lang='lat' dir='ltr'>venditio-</span> 
     </span>
     <span class='ocr_line' id='line_1_89' title="bbox 1002 2394 1742 2435; baseline -0.004 -6"><span class='ocrx_word' id='word_1_468' title='bbox 1002 2407 1114 2429; x_wconf 89' lang='lat' dir='ltr'>nemve</span> <span class='ocrx_word' id='word_1_469' title='bbox 1148 2395 1332 2428; x_wconf 86' lang='lat' dir='ltr'>huiusmodi</span> <span class='ocrx_word' id='word_1_470' title='bbox 1364 2395 1501 2428; x_wconf 76' lang='lat' dir='ltr'>faciendi</span> <span class='ocrx_word' id='word_1_471' title='bbox 1535 2395 1677 2435; x_wconf 73' lang='lat' dir='ltr'>licentia,</span> <span class='ocrx_word' id='word_1_472' title='bbox 1702 2394 1742 2427; x_wconf 89' lang='lat' dir='ltr'>ad</span> 
     </span>
     <span class='ocr_line' id='line_1_90' title="bbox 1003 2447 1742 2493; baseline -0.001 -13"><span class='ocrx_word' id='word_1_473' title='bbox 1003 2459 1098 2493; x_wconf 90' lang='lat' dir='ltr'>quam</span> <span class='ocrx_word' id='word_1_474' title='bbox 1123 2448 1295 2491; x_wconf 89' lang='lat' dir='ltr'>petendam</span> <span class='ocrx_word' id='word_1_475' title='bbox 1320 2447 1418 2480; x_wconf 88' lang='lat' dir='ltr'>iidem</span> <span class='ocrx_word' id='word_1_476' title='bbox 1452 2448 1578 2490; x_wconf 87' lang='lat' dir='ltr'>priores</span> <span class='ocrx_word' id='word_1_477' title='bbox 1611 2447 1742 2480; x_wconf 84' lang='lat' dir='ltr'>consul-</span> 
     </span>
     <span class='ocr_line' id='line_1_91' title="bbox 1005 2498 1742 2544; baseline -0.004 -10"><span class='ocrx_word' id='word_1_478' title='bbox 1005 2502 1174 2541; x_wconf 86' lang='lat' dir='ltr'>tationem,</span> <span class='ocrx_word' id='word_1_479' title='bbox 1193 2500 1465 2544; x_wconf 86' lang='lat' dir='ltr'>approbationem</span> <span class='ocrx_word' id='word_1_480' title='bbox 1482 2506 1514 2533; x_wconf 86' lang='lat' dir='ltr'>et</span> <span class='ocrx_word' id='word_1_481' title='bbox 1534 2498 1742 2542; x_wconf 85' lang='lat' dir='ltr'>subscriptio-</span> 
     </span>
     <span class='ocr_line' id='line_1_92' title="bbox 1006 2553 1741 2596; baseline -0.003 -9"><span class='ocrx_word' id='word_1_482' title='bbox 1006 2565 1078 2588; x_wconf 89' lang='lat' dir='ltr'>nem</span> <span class='ocrx_word' id='word_1_483' title='bbox 1103 2553 1259 2587; x_wconf 78' lang='lat' dir='ltr'>adhibere</span> <span class='ocrx_word' id='word_1_484' title='bbox 1290 2554 1432 2586; x_wconf 89' lang='lat' dir='ltr'>debeant</span> <span class='ocrx_word' id='word_1_485' title='bbox 1455 2554 1572 2596; x_wconf 88' lang='lat' dir='ltr'>plenae</span> <span class='ocrx_word' id='word_1_486' title='bbox 1603 2562 1741 2593; x_wconf 85' lang='lat' dir='ltr'>congre-</span> 
     </span>
    </p>
   </div>
   <div class='ocr_carea' id='block_1_15' title="bbox 1042 2613 1598 2649">
    <p class='ocr_par' dir='ltr' id='par_1_18' title="bbox 1042 2613 1598 2649">
     <span class='ocr_line' id='line_1_93' title="bbox 1042 2613 1598 2649; baseline -0.005 -7"><span class='ocrx_word' id='word_1_487' title='bbox 1042 2617 1052 2642; x_wconf 89' lang='lat'>1</span> <span class='ocrx_word' id='word_1_488' title='bbox 1077 2614 1237 2643; x_wconf 81' lang='lat' dir='ltr'>Particulam</span> <span class='ocrx_word' id='word_1_489' title='bbox 1252 2617 1278 2645; x_wconf 72' lang='lat' dir='ltr'>ee</span> <span class='ocrx_word' id='word_1_490' title='bbox 1293 2622 1344 2643; x_wconf 82' lang='lat' dir='ltr'>nos</span> <span class='ocrx_word' id='word_1_491' title='bbox 1359 2613 1483 2642; x_wconf 83' lang='lat' dir='ltr'>addimus</span> <span class='ocrx_word' id='word_1_492' title='bbox 1499 2614 1535 2649; x_wconf 78' lang='lat' dir='ltr'>(a.</span> <span class='ocrx_word' id='word_1_493' title='bbox 1551 2614 1598 2648; x_wconf 66' lang='grc' dir='ltr'>τ.,’,</span> 
     </span>
    </p>
   </div>
  </div>
 </body>
</html>
