2170 3147
239 243 287 269 An.
306 242 335 268 c..
359 241 427 268 17⁹25
473 231 536 264 ΞΜ

272 2224 292 2234 m>
304 2218 371 2238 aratio

430 290 522 323 vinea
535 289 661 322 Domini
684 290 811 323 assidue
834 291 984 323 laborant
1004 301 1040 323 ae
1059 292 1173 334 ingen-

432 347 478 375 tes
504 342 643 376 afferunt
670 343 800 384 fructus,
821 349 852 376 et
871 343 909 376 ad
933 345 1171 387 procurandam

429 406 560 439 semper
585 397 802 439 copiosiorem
828 397 1032 441 captivorum
1061 398 1173 431 liuius-

429 449 528 489 modi,
545 450 597 493 qui
614 451 653 482 ab
669 451 715 484 eis
731 462 834 494 usquc
851 462 938 484 nunc
957 452 1117 495 redempti
1132 452 1171 485 ad

429 503 637 545 septuaginta
649 503 737 537 mille
751 510 990 545 sexcentorum,
1002 511 1032 538 et
1045 512 1172 548 septua-

429 553 517 597 ginta
546 566 674 597 novem,
692 562 723 589 et
747 557 854 590 forsan
879 558 972 597 ultra,
999 568 1170 590 numerum

428 609 619 649 ascendunt,
641 610 913 654 redemptionem,
932 612 970 644 ad
1000 612 1172 644 consulen-

428 661 503 693 dum
526 662 603 695 dicti
628 662 758 696 Ordinis
775 664 811 696 Β.
831 663 949 697 Mariae
968 665 1007 697 de
1025 664 1170 698 Mercede

427 715 665 758 redemptionis
691 717 890 760 captivorum
918 718 1052 751 fratrum
1076 729 1170 762 prac-

428 768 587 802 dictorum
613 770 807 814 longinquas
832 771 983 814 regiones
1008 782 1067 815 pro
1086 771 1171 804 redi-

426 823 552 855 mendis
579 824 715 867 captivis
737 824 815 868 ipsis
841 825 1031 858 adeuntium
1056 836 1170 857 manu-

427 876 594 917 tentione¹,
615 878 671 921 qui
693 879 918 922 eleemosynas
936 879 1073 922 piasque
1093 879 1170 912 tide-

425 928 504 962 lium
525 930 718 973 largitiones
736 936 767 964 et
784 932 1036 966 subventionem
1055 932 1093 965 ab
1110 932 1169 965 eis-

426 982 499 1015 dem
526 982 676 1017 sidelibns
709 984 897 1018 mendicare
924 990 1107 1028 coguntur,
1134 996 1170 1017 ac

425 1036 575 1078 quoties,
610 1037 698 1070 iuxta
736 1049 773 1071 ea
799 1049 880 1081 quae
905 1038 969 1071 Deo
1000 1044 1167 1077 voverunt,

424 1100 484 1133 pro
511 1090 646 1123 alicuius
672 1090 787 1133 captivi
808 1090 1039 1134 ledemptione
1058 1101 1091 1123 se
1109 1101 1168 1134 pro

424 1143 481 1175 illo
509 1143 539 1175 in
564 1143 751 1176 servitutem
779 1143 919 1183 tradunt,
945 1154 980 1176 ac
1005 1144 1085 1176 duro
1117 1143 1168 1176 tri·

423 1195 598 1229 bulationis
623 1207 705 1240 pane
725 1202 755 1230 et
772 1199 880 1230 amara
902 1198 1070 1240 angustiae
1087 1199 1168 1241 aqua

423 1250 679 1290 substentantur,
698 1256 871 1297 propterea
889 1250 973 1283 Ordo
993 1251 1028 1283 Β.
1050 1250 1167 1283 Mariae

424 1302 463 1335 de
499 1302 647 1336 Mercede
684 1303 932 1346 Redemptionis
966 1303 1167 1347 captivorum

423 1356 609 1390 huiusmodi
631 1367 705 1390 vere
723 1367 805 1390 unus
833 1368 868 1390 ex
890 1357 1064 1390 Ordinibus
1084 1356 1167 1391 Men-

424 1409 613 1450 dicantium,
634 1410 788 1454 illiusque
816 1411 929 1444 fratres
953 1421 1028 1444 vere
1046 1410 1167 1443 Mendi-

422 1469 534 1497 cantes
569 1464 686 1498 merito
723 1464 867 1497 habendi
903 1464 968 1497 sint
993 1469 1025 1498 et
1049 1464 1164 1497 liaberi

422 1516 575 1557 debeant,
600 1527 635 1549 ae
657 1517 809 1550 omnibus
829 1523 860 1553 et
877 1518 1014 1561 singulis
1040 1518 1167 1561 privile-

421 1569 491 1612 giis,
511 1570 622 1613 gratiis
641 1576 671 1603 et
691 1571 831 1610 indultis,
850 1571 966 1614 quibus
984 1571 1166 1605 Mendican-

423 1623 500 1655 tium
519 1629 654 1666 quatuor
671 1623 809 1657 Ordines
829 1624 1027 1667 illorumque
1051 1625 1164 1658 fratres

422 1681 565 1717 utuntur,
591 1677 750 1716 fruuntur,
768 1677 938 1719 potiuntur
956 1683 987 1710 et
1009 1678 1162 1720 gaudent,

421 1739 524 1772 aeque
551 1730 671 1773 pariter
692 1730 749 1771 uti,
769 1730 840 1770 rrui,
859 1730 955 1773 potiri
974 1735 1005 1764 et
1023 1732 1164 1773 gaudere

421 1783 602 1826 possintne
621 1783 717 1816 etiam
736 1784 892 1825 debeant)
914 1794 985 1817 cum
1006 1790 1113 1818 tamen
1134 1785 1164 1818 id

421 1837 608 1880 aliquando,
639 1847 675 1869 ac
701 1838 809 1870 forsan
836 1838 931 1871 etiarn
951 1849 988 1871 ex'
1014 1849 1052 1871 eo
1075 1840 1164 1882 quod

420 1890 506 1923 Ordo
524 1891 558 1923 B.
579 1890 696 1923 Mariae
716 1891 754 1924 de
779 1891 931 1924 Mercede
957 1892 1165 1935 Redemptio-

420 1944 469 1977 nis
496 1944 696 1987 captivorum
724 1945 910 1978 huiusmodi
932 1946 1018 1978 bona
1035 1946 1164 1979 stabilia

420 2009 455 2031 ex
483 1998 586 2042 ipsius
625 1998 770 2032 instituto
809 2005 840 2032 et
877 2000 1163 2033 constitutionibus

420 2052 600 2094 apostolica
621 2053 815 2085 auctoritate
835 2052 1034 2086 confirmatis
1059 2053 1163 2096 possi-

420 2104 504 2146 det²,
526 2105 559 2138 in
586 2105 721 2138 dubium
748 2116 805 2138 seu
831 2106 1085 2139 controversiam
1112 2107 1164 2140 ali-

420 2168 516 2202 quam
542 2159 657 2192 deduci
685 2160 734 2192 vel
761 2160 907 2193 revocari
932 2165 1055 2203 posset:

464 2212 478 2255 ξ
503 2212 533 2245 5.
553 2212 624 2253 Nos,
644 2223 775 2246 onmem
793 2218 825 2246 et
845 2224 1082 2257 quamcumque
1101 2224 1163 2246 am-

419 2264 611 2307 biguitatem
639 2271 670 2299 et
706 2267 982 2307 controversiam,
1010 2268 1160 2310 quando-

420 2329 569 2361 cumque,
596 2320 915 2363 quomodocumque,
934 2325 966 2352 et
987 2330 1023 2352 ex
1049 2320 1163 2363 quovis

419 2371 524 2415 capite
549 2373 597 2405 vel
623 2377 794 2415 praetextu
821 2373 965 2416 desuper
994 2373 1162 2413 orituram,

419 2425 553 2457 omnino
579 2426 775 2469 penitusque
810 2432 977 2469 amputare
1003 2427 1160 2467 volentes,

419 2488 547 2511 necnon
569 2479 683 2511 fratres
704 2480 861 2522 praedicti
887 2480 1017 2513 Ordinis
1044 2481 1078 2513 B.
1106 2480 1164 2512 Ma-

419 2531 486 2564 riae
521 2532 559 2564 de
592 2531 739 2564 Mercede
780 2533 1016 2576 redemptionis
1054 2534 1159 2576 capti-

456 2604 466 2628 1
492 2601 601 2628 Videtur
620 2601 764 2637 legendum
785 2604 1004 2631 nmnutentz’oni
1024 2604 1063 2639 (n.
1080 2604 1128 2637 T.)-

454 2647 470 2673 ⁶2.
492 2646 551 2673 Edit
571 2646 642 2674 Main
663 2646 725 2682 legit
743 2647 889 2682 possident
909 2648 948 2682 (n.
969 2649 1017 2684 τ.).

1014 243 1194 266 nnmmcn
1219 243 1374 268 ROMANUM

1218 303 1327 325 vorum
1348 292 1547 333 huiusmodi,
1575 303 1752 336 eorumque
1778 293 1957 337 singulares

1216 355 1386 388 personas,
1414 358 1430 379 a
1456 346 1624 390 quibusvis
1651 347 1960 380 excommunicatio-

1217 398 1274 438 nis,
1301 400 1522 443 suspensionis
1554 405 1585 433 et
1610 400 1795 440 interdicti,
1821 400 1958 443 aliisque

1193 452 1195 471 '¹
1217 452 1447 485 ecclesiasticis
1469 452 1653 493 sententiis,
1670 453 1816 486 censuris
1836 458 1868 486 et
1884 463 1959 496 poe—

1216 505 1274 545 nis,
1294 516 1310 538 a
1330 505 1397 538 inre
1426 506 1474 539 vel
1501 506 1540 538 ab
1566 506 1710 546 homine,
1736 506 1847 549 quavis
1866 516 1959 539 occa-

1215 559 1308 592 sione
1333 559 1382 592 vel
1409 561 1503 592 causa
1528 559 1614 599 latis,
1634 559 1658 592 si
1686 559 1804 602 quibus
1830 570 1959 602 quomo-

1216 612 1343 645 dolibet
1375 612 1521 645 innodati
1553 612 1713 652 existunt,
1740 613 1777 645 ad
1809 611 1957 646 effectum

1216 666 1437 708 praesentium
1461 670 1585 698 tantum
1607 666 1886 709 consequendum,
1904 666 1959 699 ha-

1215 729 1285 751 rum
1311 719 1396 752 serie
1423 720 1630 753 absolventes
1649 725 1681 752 et
1698 719 1864 753 absolutos
1889 719 1957 753 sore

1215 777 1395 812 censentes,
1414 782 1449 805 ac
1476 772 1551 805 dicti
1576 772 1708 805 Ordinis
1727 772 1762 805 B.
1782 772 1900 805 Mariae
1918 772 1957 805 de

1215 823 1361 858 Mercede
1396 825 1633 869 redemptionis
1669 825 1871 869 captivorum
1889 853 1896 866 ,
1922 835 1959 858 ac

1214 877 1363 918 instituti,
1390 878 1657 911 constitutionum
1697 883 1729 911 et
1773 877 1955 922 dispositio-

1214 942 1303 972 num,
1331 942 1459 965 necnon
1486 931 1746 975 privilegiorum,
1774 931 1958 965 immunita-

1214 989 1291 1023 tum,
1313 984 1587 1027 indulgentiarum
1614 991 1645 1018 et
1665 985 1852 1028 gratiarum,
1871 985 1957 1018 Men-

1213 1037 1391 1071 dicantium
1418 1039 1573 1071 fratribus
1608 1038 1795 1072 huiusmodi
1822 1049 1957 1082 quomo-

1213 1091 1339 1124 dolibet
1363 1102 1602 1132 concessarum,
1633 1103 1669 1125 ac
1694 1092 1876 1126 litterarum
1903 1091 1958 1125 de-

1212 1155 1310 1188 super
1328 1145 1560 1183 confectarum,
1582 1151 1713 1179 tenores
1726 1145 1955 1189 praesentibus

1212 1208 1271 1240 pro
1298 1198 1462 1241 expressis
1490 1198 1671 1240 babentes,
1697 1203 1784 1232 motu
1811 1198 1955 1242 proprio,

1212 1262 1274 1284 non
1295 1252 1333 1285 ad
1359 1252 1495 1285 alienius
1521 1253 1614 1286 nobis
1633 1263 1732 1298 super
1750 1253 1812 1286 hoc
1829 1252 1956 1285 oblatae

1211 1305 1379 1348 petitionis
1394 1305 1594 1345 instantiam,
1614 1306 1671 1339 sed
1690 1317 1725 1339 ex
1745 1307 1833 1339 certa
1855 1305 1957 1339 scien-

1213 1358 1254 1391 tia
1273 1360 1426 1402 meraque
1445 1359 1681 1393 deliberatione
1703 1360 1831 1401 nostris,
1850 1360 1955 1404 deque

1211 1413 1409 1456 apostolieae
1436 1413 1607 1457 potestatis
1626 1414 1849 1457 plenitudine,
1868 1418 1900 1448 et
1919 1423 1956 1447 ex

1210 1470 1284 1499 voto
1310 1467 1580 1510 Congregationis
1619 1467 1853 1501 venerabilium
1886 1467 1952 1500 sra-

1212 1524 1295 1552 trum
1333 1525 1519 1553 nostrorum
1557 1520 1587 1553 S.
1614 1520 1650 1553 P..
1678 1520 1712 1553 E.
1740 1520 1954 1554 cardinalium

1211 1574 1426 1607 decretorum
1461 1574 1596 1608 Concilii
1633 1574 1815 1608 Tridentini
1854 1574 1955 1608 inter-

1210 1632 1348 1670 pretum,
1375 1627 1528 1660 Ordinem
1548 1628 1582 1660 B.
1603 1628 1722 1661 Mariae
1741 1628 1780 1661 de
1805 1627 1953 1661 Mercede

1211 1680 1457 1724 Redemptionis
1477 1682 1675 1724 captivorum
1702 1681 1901 1722 huiusmodi,
1919 1681 1954 1714 il-

1209 1733 1337 1777 liusque
1357 1735 1548 1778 magistrum
1567 1736 1765 1778 generalem,
1779 1745 1814 1769 ac
1829 1735 1954 1776 fratres,

1210 1787 1404 1831 illorumque
1442 1790 1585 1831 singulas
1610 1799 1793 1831 personas,
1818 1799 1895 1822 vere
1921 1792 1954 1822 et

1209 1834 1274 1874 non
1311 1840 1382 1874 ficte
1408 1841 1627 1874 Mendicantes
1662 1841 1784 1883 fuisse,
1812 1852 1883 1875 esse
1921 1847 1953 1874 et

1209 1894 1285 1934 sore,
1314 1899 1345 1927 et
1369 1894 1452 1926 inter
1478 1895 1616 1927 aliorum
1652 1895 1785 1927 fratrum
1815 1899 1846 1927 et
1880 1890 1955 1927 reli-

1208 1947 1375 1990 giosorum
1400 1948 1653 1981 Mendicantium
1684 1947 1831 1989 Ordines,
1859 1948 1949 1981 alios-

1208 2012 1270 2044 que
1308 2001 1422 2034 sratres
1458 2007 1489 2034 et
1526 2001 1700 2044 religiosos
1729 2001 1952 2034 MendiCantes

1208 2054 1328 2097 (prout
1360 2054 1434 2087 illos
1467 2064 1526 2086 nos
1556 2054 1851 2098 connumeramus)
1877 2064 1954 2087 con-

1208 2107 1371 2140 numerari
1399 2107 1532 2147 debere,
1550 2118 1586 2140 ac
1612 2119 1727 2141 onmes
1752 2113 1784 2141 et
1808 2108 1953 2151 singulas

1208 2161 1459 2204 dispositiones,
1485 2161 1517 2194 in
1545 2161 1687 2195 savorem
1722 2162 1953 2205 religiosorum

1207 2225 1261 2248 seu
1289 2215 1424 2247 fratrum
1450 2214 1702 2248 Mendicantium
1736 2215 1893 2248 hactenus
1920 2225 1954 2248 e—

1207 2274 1364 2309 manatas,
1389 2268 1483 2301 etiam
1510 2268 1542 2300 in
1568 2268 1687 2302 Ordine
1714 2268 1748 2301 B.
1768 2268 1886 2302 Mariae
1911 2269 1951 2301 de

1206 2322 1352 2355 Mercede
1378 2321 1624 2365 Redeinptionis
1661 2322 1862 2366 captivorum
1893 2322 1953 2354 hu-

1207 2375 1356 2416 iusmodi,
1376 2376 1530 2419 illiusque
1550 2376 1707 2416 domibus,
1726 2375 1950 2416 conventibus,

1206 2429 1361 2472 magistro
1403 2429 1569 2472 generali,
1612 2429 1749 2472 aliisque
1790 2428 1951 2471 religiosis

1206 2483 1313 2515 locum
1331 2483 1466 2522 habere,
1486 2493 1614 2516 necnon
1635 2483 1745 2515 omnia
1763 2487 1794 2515 et
1811 2482 1949 2525 singula,

1206 2546 1445 2579 quaecumque,
1471 2541 1689 2579 quotcumque
1708 2541 1739 2568 et
1755 2535 1952 2579 qualiacum-

1205 2599 1267 2631 que
1303 2589 1386 2627 sint,
1425 2589 1522 2622 etiam
1558 2588 1691 2631 speciali
1726 2590 1802 2621 nota
1838 2588 1948 2632 digna,

1205 2641 1387 2685 privilegia,
1410 2641 1637 2684 immunitateS,
1655 2641 1890 2686 exemptiones,
1910 2641 1951 2679 sa-

1968 244 2017 273 An.
2033 245 2062 274 C.
2084 245 2148 278 1725
