2170 3147
215 233 263 258 An.
280 230 308 257 C.
332 229 398 256 1727

287 1936 408 1956 §nath-uuir

226 1964 320 1990 praedict
327 1970 342 1983 is
358 1963 409 1983 Ter-

226 1994 293 2010 [ΙᾸΓίΙῦ
326 1996 409 2009 cinthii)

377 2023 409 2036 [lm

227 2021 289 2036 [rilint
320 2023 324 2026 ⁴
355 2023 373 2035 js

226 2047 245 2063 et
256 2045 301 2063 clau
356 2044 408 2066 ,sed

226 2073 294 2089 lanivii
314 2070 340 2089 ad
362 2076 408 2089 eain

226 2102 309 2116 mininie
374 2102 409 2115 eas

227 2128 237 2140 r
241 2130 272 2142 ιιιιι
276 2123 324 2147 pelli
349 2128 409 2148 posse

228 2150 355 2170 decusatur.

446 218 510 252 54⁶2

408 278 553 319 insignes
589 275 731 317 virgines
767 271 925 316 praedicti
958 270 1089 303 Ordinis
1116 268 1176 310 dcl

406 330 607 373 poenitentis?
639 338 703 360 non
739 327 841 359 solnm
867 335 883 357 a
909 324 1031 357 teneris
1058 322 1152 355 annis
1174 316 1177 366 ᾗ

410 382 588 415 inviolabili
615 386 689 413 voto
716 379 935 421 virginitatem
959 376 1064 409 eidem
1084 369 1177 421 cae-il

409 435 480 469 lesti
507 445 629 478 sponso
648 431 919 470 consecraverint,
939 429 1153 470 habitumque
1175 423 1177 433 ¹

410 489 594 527 induerint,
629 486 685 519 sed
722 484 853 518 florenti
891 483 998 515 adhuc
1031 439 1177 520 aetate‚i

409 542 572 584 simulque
605 545 680 572 ante
713 548 833 571 annum
868 534 1178 580 quadragesimum*¹

408 594 580 626 virtutibus
609 597 753 625 maturae
787 590 818 622 in
853 590 979 622 caelum
1006 588 1155 620 evolave-

409 648 482 687 rint,
501 656 636 690 quarum
663 654 778 688 agmen
805 643 923 675 ducere
949 646 1057 684 potest
1084 650 1155 672 cae-

409 701 500 734 lestis
536 700 626 741 virgo
663 698 693 730 S.
718 694 1089 733 Catliarina'Senensis,
1116 694 1155 725 de

410 753 598 797 Apostolica
617 752 699 785 Sede
718 751 799 783 adeo
818 748 1046 787 benemerita),
1066 752 1154 780 motu

411 807 497 846 binc,
524 805 660 839 seientia
685 809 716 837 et
733 808 895 847 potestate
911 800 1088 845 praedictis
1109 800 1157 832 in-
1178 792 1180 829 i

412 861 584 903 (Iulgemus
611 865 642 892 et
666 857 877 891 concedimus
893 883 900 896 ‚
932 862 967 888 nt
999 855 1155 893 eaedem,
1178 842 1180 856 Ι

410 914 673 957 quibuscuimpie
699 922 764 945 non
792 910 997 943 obstantibus
1023 909 1055 941 in
1082 919 1157 941 con-

413 967 557 1007 trarium,
583 972 659 1010 post
684 965 995 998 decimumoctavum
1022 972 1155 1001 annum,

411 1022 461 1054 vel
480 1021 574 1054 etiam
596 1020 628 1052 in
647 1019 763 1052 minori
786 1023 899 1057 aetate,
919 1017 1006 1050 iuxta
1024 1026 1158 1049 consue-

412 1075 556 1107 tudinem
575 1074 729 1112 locorum,
749 1072 852 1105 libere
874 1076 906 1104 et
930 1070 1018 1103 licite
1044 1069 1158 1112 recipi,

412 1129 609 1171 evolutoque
627 1125 834 1170 probationis
861 1130 1008 1167 tempore
1029 1124 1158 1166 profite-

411 1182 437 1214 ri
457 1181 583 1224 possint
608 1191 644 1213 ac
663 1180 793 1212 valeant
812 1178 1045 1221 (revalidantes
1064 1186 1160 1219 quas-

413 1245 550 1278 cumque
586 1233 828 1277 acceptationes
855 1237 886 1264 et
911 1230 1134 1274 professiones
1150 1256 1158 1269 ,

413 1289 437 1321 si
463 1298 545 1332 quae
564 1288 642 1320 sorte
669 1297 704 1319 ex
724 1286 849 1318 defectu
869 1284 983 1317 aetatis
1002 1284 1160 1316 hactenus

414 1342 516 1374 sactae
543 1341 606 1374 dici
632 1345 768 1383 possent
801 1337 996 1379 invalidae),
1031 1336 1183 1369 liabitnsi

413 1394 680 1433 uniformitatem,
700 1393 806 1436 quoad
834 1391 905 1424 sieri
930 1389 1062 1434 poterit,
1088 1399 1160 1421 esse
1182 1388 1183 1401 ¹

414 1448 627 1486 servandam,
651 1446 788 1479 retineri
814 1450 921 1477 tamen
947 1453 1043 1485 posse
1070 1442 1163 1475 liabi-

417 1507 467 1534 tus
493 1502 639 1540 sormam,
667 1511 750 1543 quae
776 1510 836 1543 pro
862 1498 1034 1541 regionum
1060 1497 1162 1529 diver-

416 1555 509 1588 sitate
528 1555 685 1587 hactenus
711 1553 749 1586 ab
776 1553 897 1585 eisdem
925 1550 1080 1585 tertiariis
1097 1561 1177 1590 ser-⁴

415 1615 485 1641 vata
503 1614 567 1648 est,
589 1608 688 1641 licere
707 1617 837 1650 quoqne
855 1605 1058 1645 mulieribus,
1071 1614 1160 1648 quae,

417 1663 534 1696 emisso
572 1667 663 1702 voto,
699 1661 835 1694 seorsim
860 1661 911 1694 vel
947 1658 1164 1702 collegialiter

416 1716 481 1749 Deo
508 1716 627 1755 vivunt,
650 1715 780 1748 deferre
806 1715 914 1747 velum
933 1723 1032 1756 supra
1057 1715 1161 1754 capnt,

418 1770 506 1813 quod
547 1769 769 1812 supraiectum
809 1772 949 1807 vocant,
993 1766 1162 1799 carbasum

419 1824 596 1867 pectorale,
621 1823 708 1866 quod
727 1826 918 1865 nuncupant
941 1819 1107 1862 soltoyola‚
1133 1823 1165 1850 et

418 1879 590 1921 scapulare
616 1887 672 1909 seu
698 1875 907 1919 patientiam.

464 1930 545 1973 538.
563 1929 730 1962 Tertiariis
749 1928 925 1972 praedietis
946 1926 1065 1960 emisso
1092 1925 1164 1958 solo
1185 1952 1187 1957 .

421 1983 575 2016 castitatis
614 1988 688 2016 voto
729 1981 948 2024 collegialiter
982 1978 1164 2012 viventibus

422 2037 507 2069 band
534 2036 759 2080 probibemus,
787 2036 887 2068 immo
915 2039 1106 2077 exoptamus
1133 2032 1163 2064 in

422 2090 580 2131 Domino,
606 2090 735 2123 suaderi
761 2090 855 2122 trium
892 2094 1041 2122 votorum
1068 2086 1165 2119 etiam

421 2144 616 2176 solemnium
643 2143 866 2182 emissionem,
889 2141 1059 2185 ipsamque
1085 2139 1166 2171 clau.

421 2207 542 2237 suram,
570 2197 656 2229 iuxta
682 2195 889 2239 propositum
917 2194 1082 2227 constitut.
1109 2202 1166 2225 viii

421 2250 452 2282 S.
487 2249 532 2281 Pii
564 2249 585 2280 Y
625 2248 810 2292 incipientis
847 2248 941 2282 Circa
972 2245 1162 2290 pastoralis.

423 2302 633 2335 lnliaerentes
674 2307 781 2335 tamen
818 2301 935 2335 litteris
976 2299 1165 2343 apostolicis

423 2355 573 2398 superius
605 2355 791 2388 memoratis
817 2354 887 2387 lulii
914 2354 948 2392 ll,
984 2354 1015 2385 in
1048 2352 1165 2396 quibus

426 2407 577 2440 tertiariis
594 2407 625 2440 S.
645 2407 803 2441 Dominici
822 2406 1040 2449 collegialiter
1058 2405 1166 2438 viven-

425 2460 510 2493 tibus
545 2460 746 2503 permittitur
783 2460 933 2493 emittere
970 2460 1032 2492 tria
1068 2464 1164 2500 vota,

425 2514 670 2556 declaratnrque
696 2524 753 2556 per
779 2514 860 2546 liaec
885 2513 953 2555 ipsa
977 2512 1020 2545 ad
1041 2512 1167 2545 clausu-

424 2576 497 2598 ram
514 2566 646 2598 minime
673 2566 784 2605 teneri,
813 2569 870 2597 aut
895 2565 936 2597 (ul
961 2565 1100 2608 officium
1122 2565 1167 2598 cle?-

425 2620 548 2658 vinum,
571 2620 675 2661 magiis
693 2629 789 2660 quum
809 2630 846 2651 ex
867 2619 982 2661 sepulti
1004 2620 1092 2652 tertii
1114 2619 1167 2652 lea-

998 222 1015 246 Β
1021 219 1183 245 ULLARIUM
1208 220 1227 244 R
1233 219 1366 244 OMANUM

1197 269 1293 307 bitus,
1321 280 1357 302 ac
1383 268 1454 302 aliis
1478 267 1653 302 Clementis
1679 267 1718 299 lx
1746 265 1844 300 Alitis
1866 273 1943 308 pro-

1195 322 1322 364 positis,
1342 333 1357 354 x
1386 321 1568 354 decembris
1594 329 1758 359 mimmii,
1775 319 1807 351 in
1825 318 1943 361 quibus

1199 375 1365 407 tertiariae
1391 374 1611 417 collegialiter
1635 373 1778 406 viventes
1804 371 1843 404 ad
1862 371 1945 404 clau-

1198 439 1304 461 suram
1331 429 1517 462 nullatenns
1544 427 1808 470 compelluntur·,
1840 429 1945 458 atten-

1176 515 1178 528 ‹
1199 483 1314 515 (lentes
1334 482 1470 525 insuper
1487 491 1546 524 per
1563 491 1680 520 annos,
1695 485 1731 512 ut
1748 478 1945 522 accepimus,

1199 541 1330 568 centnm
1349 540 1379 567 et
1397 534 1563 577 sexaginta
1588 533 1627 566 ab
1651 533 1738 566 edita
1757 532 1844 566 dicta
1868 541 1945 564 con-

1199 588 1366 621 stitutione
1391 587 1422 621 S.
1444 587 1489 620 Pii
1514 587 1549 627 Y,
1577 591 1608 619 et
1639 596 1699 629 per
1723 586 1887 619 saeculum
1913 588 1945 617 et

1198 642 1283 674 ultra
1301 646 1375 685 post
1400 641 1565 674 decretum
1583 637 1852 682 Congregationis
1876 637 1946 681 epi-

1200 705 1374 738 scoporum
1389 699 1421 727 et
1433 693 1634 736 regularium
1652 697 1834 725 emanatum
1845 700 1885 724 xx
1895 691 1947 723 de-

1178 748 1339 787 ,cembris
1374 757 1518 787 itincxvi,
1552 745 1752 780 eiuscemodi
1785 743 1947 778 tertiarias

1200 801 1415 844 collegialitcr
1451 801 1595 833 viventes
1619 800 1768 843 pluribus
1794 798 1826 831 in
1852 798 1944 837 locis,

1178 855 1378 897 {scientibus
1404 859 1435 887 et
1465 854 1648 886 tacentibus
1675 851 1864 892 Ordinariis,
1889 852 1948 884 sso-

1201 909 1324 949 ruisse,
1352 918 1388 941 ac
1414 907 1593 941 etiamnum
1618 907 1736 940 florere
1766 905 1836 939 sine
1863 906 1948 938 clau·

1201 964 1289 995 sura:
1304 962 1517 1001 declaramus,
1531 962 1678 994 volumus
1697 964 1728 993 et
1744 958 1946 998 mandamus,

1202 1016 1333 1049 easdem
1360 1015 1398 1047 ad
1424 1020 1574 1047 neutram
1601 1014 1749 1060 absolute
1767 1011 1874 1045 teneri
1895 1016 1949 1044 aut

1203 1080 1274 1102 esse
1315 1068 1590 1112 conipellendas3
1632 1056 1699 1100 non
1741 1064 1949 1099 obstantibus

1202 1122 1377 1156 contrariis
1403 1121 1669 1155 ordinationibus
1695 1120 1792 1153 etiam
1819 1123 1950 1163 aposto-

1204 1176 1297 1217 licis,
1323 1176 1442 1219 quibus
1467 1185 1621 1218 expresse
1657 1184 1719 1218 per
1755 1177 1949 1217 praesentes

1204 1231 1410 1272 derogamus
1438 1229 1528 1262 Licet
1562 1228 1648 1261 cirea
1674 1230 1951 1260 sacramentorum

1204 1283 1444 1326 susceptionem
1471 1288 1503 1315 et
1529 1282 1731 1324 sepulturam
1764 1279 1951 1324 praedictae

1206 1336 1386 1376 tertiariae,
1409 1335 1505 1368 certis
1531 1335 1666 1374 habitu,
1693 1335 1806 1377 regula
1834 1338 1865 1366 et
1888 1337 1952 1366 sta-

1205 1390 1282 1423 tutis
1312 1396 1344 1422 et
1374 1389 1434 1422 sul)
1466 1398 1622 1432 expresso
1648 1393 1831 1431 perpetuae
1856 1385 1952 1429 virgi-

1205 1443 1287 1476 nalis
1325 1447 1380 1475 aut
1415 1441 1545 1474 vidnilis
1582 1440 1739 1474 eastitatis
1770 1444 1846 1473 voto
1883 1439 1952 1472 sive

1206 1496 1420 1539 collegialiter
1458 1496 1526 1529 sive
1561 1495 1593 1527 in
1629 1494 1764 1539 privatis
1801 1492 1952 1527 domibus

1204 1551 1362 1590 viventes,
1385 1560 1420 1582 ex
1446 1549 1591 1583 recitatis
1610 1548 1747 1592 aliisque
1765 1546 1953 1591 apostolicis

1206 1604 1497 1638 constitutionibus
1517 1613 1627 1637 earum
1645 1602 1758 1636 Ordini
1776 1611 1835 1645 per
1851 1601 1883 1634 S.
1900 1600 1955 1634 Se-

1207 1660 1278 1692 dem
1297 1658 1420 1691 directe
1438 1657 1600 1691 concessis
1622 1657 1671 1690 vel
1697 1655 1951 1696 communicatis,

1207 1713 1349 1746 debeant
1370 1710 1513 1753 gaudere
1531 1708 1711 1754 privilegiis
1729 1708 1880 1741 omnibus
1897 1707 1954 1741 Or-

1207 1765 1291 1799 dinis
1317 1763 1582 1797 Praedicatorum
1613 1767 1866 1805 ceterorumque
1898 1759 1954 1793 Or-

1207 1819 1318 1852 dinnm
1345 1828 1455 1851 earum
1476 1817 1564 1850 sexui
1590 1827 1657 1849 non
1683 1814 1953 1859 repugnantibus,

1208 1878 1238 1906 et
1271 1873 1370 1916 pleno
1401 1871 1471 1904 iure
1505 1870 1640 1904 subesse
1670 1869 1824 1902 fratribus
1857 1873 1890 1901 et
1920 1868 1954 1901 in

1208 1926 1321 1969 primis
1347 1924 1502 1967 magistro
1529 1922 1675 1966 generali
1703 1922 1849 1956 eiusdem
1868 1920 1955 1954 Ordi-

1209 1980 1266 2017 nis,
1294 1979 1410 2022 bisque
1437 1978 1536 2011 liceat
1559 1976 1756 2009 auctoritate
1776 1974 1955 2019 aposlolicci

1210 2033 1370 2067 lerliariis
1396 2031 1478 2073 illis,
1506 2031 1639 2076 quando
1661 2030 1828 2074 petierint,
1856 2029 1956 2062 etiam

1209 2088 1244 2120 in
1262 2086 1314 2119 (tie
1332 2085 1487 2127 Paschae,
1504 2085 1570 2118 sive
1588 2084 1678 2127 sestis
1700 2082 1956 2118 Resurrectiom's

1208 2141 1246 2174 D.
1261 2140 1301 2173 N.
1319 2140 1347 2173 I.
1371 2140 1419 2180 C.,
1439 2144 1467 2172 et
1493 2139 1584 2181 infra
1610 2138 1679 2170 eius
1699 2137 1774 2180 fesci
1798 2140 1954 2176 octavam,

1208 2204 1309 2238 quam
1333 2193 1432 2226 ctiam
1458 2192 1538 2225 aliis
1562 2191 1684 2231 diebus,
1701 2190 1801 2223 etiam
1818 2190 1855 2222 in
1871 2199 1957 2222 mor-

1209 2248 1249 2280 iis
1274 2246 1426 2286 articulo,
1448 2245 1678 2279 Eucharistiae
1702 2248 1730 2277 el
1755 2243 1826 2276 alia
1848 2253 1954 2276 sacra-

1208 2305 1315 2333 menta
1336 2299 1552 2333 ecclesiastica
1570 2307 1790 2342 qtcaecmnque
1807 2296 1958 2329 eoehibere

1208 2358 1236 2386 el
1253 2353 1446 2386 ministrare
1464 2352 1559 2385 etiam
1577 2352 1613 2384 in
1630 2349 1778 2383 domibus
1791 2348 1956 2394 propriis,-

1208 2416 1337 2439 necnon
1363 2405 1504 2438 illarum
1528 2404 1686 2437 cadavera
1710 2403 1752 2436 ad
1772 2401 1956 2436 eorumdem

1207 2460 1352 2502 fratrum
1391 2459 1540 2491 ecclesias
1577 2456 1776 2490 tumulanda
1815 2455 1953 2499 deferre,

1208 2513 1304 2545 eliam
1329 2511 1573 2555 parochialium
1605 2510 1813 2544 ecclesiarum
1846 2518 1956 2552 perso-

1208 2576 1338 2606 narum,
1366 2564 1551 2599 eorumdem
1571 2568 1733 2596 rectorum
1752 2562 1886 2595 licenzid
1904 2561 1957 2594 de-

1210 2629 1306 2662 super
1327 2617 1650 2660 minimerequisisti,
1679 2620 1706 2649 ec
1732 2614 1957 2650 contradictio-

1947 214 1998 242 An.
2020 213 2050 242 C.
2069 214 2134 243 1727
