2170 3147
0 200 52 228 .C.

75 197 142 226 ¹729

143 248 215 280 dem
241 247 422 279 facultatem
455 246 509 279 uni
534 247 583 279 vel
610 246 757 290 pluribus
794 255 879 279 com·

142 301 269 333 mittere
301 304 333 332 et
367 299 519 342 delegare
553 300 669 332 valcat.
698 316 731 320 -
759 308 802 332 tv.
831 300 877 331 Ad

142 353 234 392 haec,
254 353 384 395 praevia
401 353 633 396 suppressione
654 357 685 385 et
702 352 877 385 abolitione

141 406 263 449 primae
282 405 521 438 reformationis
547 405 578 438 in
605 405 688 437 dieta
713 405 877 448 provincia

142 458 385 491 Pedemontana
417 469 501 490 anno
537 468 706 497 iuncum,
733 468 789 490 seu
816 457 877 490 alio

140 510 258 543 veriori
300 516 469 553 tempore,
503 521 572 542 cum
615 510 876 553 praeservatione

141 565 251 606 legum
277 563 532 606 municipalium,
551 564 820 596 consuetudinum
847 569 878 596 et

140 621 329 648 statutorum
363 615 630 658 particularium,
664 616 813 648 inductae
847 621 877 648 et

140 673 334 711 acceptatae‚
353 669 437 701 sicut
456 668 686 712 praemittitur,
707 669 876 700 statuimus

140 727 171 754 et
197 721 408 760 declaramus,
429 726 525 753 totam
548 731 583 753 ac
601 721 784 754 universam
803 730 877 762 pro-

138 774 276 807 vinciam
302 774 479 817 praefatam
507 774 566 806 sub
589 773 874 806 constitutionibus

138 826 233 860 editis
260 826 298 859 ab
332 826 463 859 Urbano
489 826 611 859 l'IlIvet
635 825 823 858 Innocentio
851 825 874 857 X

137 879 447 924 praedecessoribus
467 878 641 922 praedictis
667 878 873 911 reformatam
895 888 897 912 ε

136 943 225 972 esse,
253 943 288 965 ac
326 932 394 974 regi
431 933 573 972 debere,
603 932 684 964 itaut
720 930 873 973 deinceps

137 985 302 1028 perpetuis
318 985 432 1017 futuris
451 984 654 1027 temporibus
672 983 704 1015 in
722 982 872 1016 omnibus

137 1044 170 1071 et
193 1038 329 1080 singulis
355 1037 500 1070 eiusdem
527 1036 715 1080 provinciae
738 1045 874 1068 conven-

137 1091 222 1123 tibus
240 1090 344 1123 dictae
362 1089 609 1122 constitutiones
628 1087 870 1126 inviolabiliter,

137 1154 174 1176 ae
190 1153 284 1186 pure,
303 1143 498 1185 simpliciter
523 1148 554 1175 et
579 1142 617 1174 ad
644 1142 782 1174 litteram
808 1150 873 1172 ser—

138 1201 266 1236 ventur,
290 1206 356 1228 non
378 1195 527 1228 obstante
553 1205 611 1227 nec
637 1198 760 1226 attento
793 1203 873 1236 quo-

137 1258 276 1292 cumque
297 1248 358 1280 alio
377 1258 434 1279 usu
454 1249 502 1280 rel
521 1247 624 1280 abusu
651 1246 681 1278 in
709 1245 778 1278 aliis
799 1255 873 1288 pro-

136 1301 249 1334 vinciis
263 1300 446 1334 reformatis
465 1300 565 1343 ipsius
579 1299 708 1332 Ordinis
725 1309 809 1331 nunc
823 1299 871 1331 vel
894 1321 896 1352 ξ

136 1364 195 1398 pro
221 1359 368 1397 tempore
397 1354 533 1396 rigente,
553 1363 680 1386 necnon
706 1351 871 1394 abrogatis

136 1418 173 1441 ac
191 1417 324 1451 prorsus
341 1407 474 1439 sublatis
494 1406 751 1449 quibuscumque
766 1405 874 1438 decre-

136 1461 189 1501 tis,
206 1459 333 1502 legibus
351 1458 615 1502 municipalibus,
631 1457 872 1491 consuetudini-

135 1513 194 1546 bus
219 1518 249 1546 et
273 1513 400 1545 statutis
425 1510 675 1555 particularibus
701 1510 732 1542 in
760 1510 872 1543 eadem
895 1539 896 1542 ,

135 1565 302 1610 provincia
341 1565 585 1598 Pedemontana
626 1563 874 1606 quomodolibet
895 1589 896 1597 i

135 1619 286 1659 conditis,
315 1618 527 1657 introductis,
554 1628 610 1650 seu
637 1616 817 1650 condendis
843 1622 875 1649 et

135 1671 379 1706 introducendis
404 1681 441 1704 ex
468 1680 670 1713 quacumque
699 1669 795 1702 etiam
822 1680 874 1701 su-

135 1724 302 1768 periorum
322 1729 352 1756 et
370 1723 587 1766 capitulorum
605 1722 808 1764 generalium
823 1732 874 1754 au·

135 1776 296 1816 ctoritate,
324 1776 420 1809 etiam
447 1776 506 1807 sub
533 1775 668 1807 obtentu
695 1774 783 1817 quod
808 1784 873 1806 non

135 1829 200 1861 sint
224 1839 330 1872 neque
349 1829 497 1861 dicantur
515 1827 677 1860 contraria
702 1828 874 1860 observan-

137 1882 199 1914 tiae
225 1886 257 1914 et
282 1881 473 1925 disciplinae
499 1880 641 1924 regulari
668 1886 763 1924 atque
799 1890 874 1913 con-

138 1933 358 1967 stitutionibus
379 1934 549 1977 praefatis;
569 1944 649 1977 quae
668 1933 775 1966 omnia
794 1938 874 1965 tam-

137 1998 233 2032 quam
259 1988 395 2020 abusum
422 1993 452 2019 et
478 1988 694 2030 corruptelam
728 1986 872 2019 declara-

137 2051 219 2074 mus.
235 2060 278 2065 —
292 2051 319 2072 v.
336 2040 486 2072 Districte
501 2039 718 2082 praecipimus
739 2045 770 2072 et
787 2049 874 2082 man-

138 2093 261 2133 damus,
283 2092 370 2135 quod
397 2092 525 2125 babitus
551 2097 582 2124 et
607 2096 712 2124 vestes
738 2097 801 2124 tam
827 2092 873 2124 in-

138 2151 249 2179 ternae
269 2155 365 2188 quam
383 2149 534 2177 externae
552 2144 621 2187 pari
640 2144 752 2184 formai,
766 2144 873 2177 colore

137 2204 168 2231 et
185 2198 320 2231 materia
337 2198 376 2230 ab
395 2197 545 2230 omnibus
568 2197 718 2229 fratribus
743 2196 873 2240 provin-

137 2251 204 2284 ciae
229 2251 276 2283 sie
303 2250 499 2283 reformatae
525 2250 613 2282 omni
639 2250 766 2282 sublata
791 2249 874 2282 inter

137 2314 192 2337 eos
228 2302 407 2336 differentia
434 2303 634 2335 deferantur.
665 2302 809 2345 Cumque
841 2303 872 2335 in

137 2357 281 2401 ipsorum
303 2355 515 2388 conventibus
532 2356 638 2388 minus
660 2356 745 2388 clare
771 2360 800 2388 et
823 2366 873 2389 ex-

137 2419 246 2452 presse
264 2408 304 2441 sit
318 2408 508 2451 dispositum
527 2408 633 2451 quoad
647 2408 811 2441 materiam
831 2409 874 2441 di-

136 2467 259 2495 ctarum
274 2461 409 2494 vestium
425 2471 460 2494 ex
476 2460 539 2494 illis
555 2461 670 2494 verbis:
685 2462 873 2494 vestimenta

134 2516 278 2558 fratrum
300 2513 396 2547 lanea
411 2514 477 2546 sint
495 2524 532 2547 ex
547 2514 704 2558 yrossz'ori
719 2518 747 2547 el
763 2514 873 2547 viliori

133 2578 263 2612 panno:
284 2567 402 2601 adeout
426 2567 564 2601 antebac
588 2568 699 2611 plures
719 2568 870 2601 subortae

233 2631 315 2661 Ball.
331 2632 414 2664 Rom.
432 2646 467 2653 -
487 2631 548 2661 Vol.
566 2631 658 2660 XXII.
804 2631 854 2660 103

720 198 915 222 BENEDICTUS
942 199 996 222 xm
1020 200 1067 223 Pr.

921 247 1039 280 fuerint
1058 247 1305 288 controversiae,
1321 258 1396 280 num
1412 247 1570 280 deberent
1588 257 1658 279 esse

898 309 958 336 lex
984 311 1058 333 vero
1084 311 1212 342 panno3
1241 305 1273 333 et
1297 300 1444 333 diversae
1473 310 1571 343 super
1597 300 1658 332 hoc

920 352 1113 393 prodierunt
1128 352 1354 393 resolutiones,
1367 352 1431 385 sive
1445 352 1657 395 proxisiones:

921 404 1006 444 liinc,
1023 404 1131 448 quoin
1149 410 1313 447 posterum
1332 405 1363 437 in
1383 404 1547 448 provincia
1565 414 1658 448 prae-

921 457 982 490 fata
1008 456 1111 489 omnis
1137 457 1376 490 dissensionum
1409 462 1440 490 et
1465 458 1657 500 interpreta-

898 526 900 563 ν
921 510 1043 543 tionum
1069 520 1168 552 super
1193 510 1326 542 materia
1344 510 1473 542 habitus
1499 508 1656 552 regularis

898 567 900 585 t
921 563 1106 596 huiusmodi
1126 573 1218 595 causa
1238 568 1269 595 ct
1285 562 1473 595 occasione*
1494 573 1657 596 removea-

898 621 984 655 *tu,1·‚
1011 617 1160 648 volumus
1193 621 1227 647 ut
1260 616 1449 648 vestimenta
1477 616 1654 655 interiora,

897 667 1043 701 {tibialia
1076 668 1217 707 scilicet,
1245 668 1308 701 sint
1332 668 1424 700 lanea
1461 669 1509 701 vel
1545 668 1653 708 linea';

921 721 1071 753 thoraces
1087 726 1194 753 autem
1213 726 1244 754 et
1261 721 1428 754 femoralia
1446 721 1563 754 aestivo
1583 726 1657 755 tem-

918 783 997 815 pore
1023 783 1059 806 ex
1098 773 1242 805 cannabe
1278 773 1328 805 vel
1360 773 1425 806 lino
1457 773 1558 813 duro,
1585 774 1656 807 aliis

896 833 992 858 'vero
1018 824 1093 858 anni
1132 825 1333 868 temporibus
1365 836 1401 858 ex
1434 826 1574 869 pellibus
1600 836 1656 860 seu

918 877 969 910 viti
1007 888 1115 921 panno
1144 878 1206 910 albi
1242 888 1371 921 semper
1406 879 1455 911 vel
1493 878 1587 921 grisei
1623 884 1658 911 ut

918 931 1007 963 aiunt
1032 930 1170 969 coloris,
1195 931 1331 963 materia
1355 941 1454 974 porro
1483 941 1656 975 capparum

918 989 950 1015 et
975 983 1154 1016 tunicarum
1182 993 1252 1016 esse
1271 983 1388 1016 debeat
1407 994 1441 1016 ex
1461 994 1582 1027 panno,
1603 985 1655 1027 qui

919 1036 1095 1079 vulgariter
1121 1036 1239 1068 dicitur
1263 1036 1387 1079 sasJIia,
1413 1036 1478 1069 sire
1502 1037 1588 1076 saia,
1614 1036 1658 1069 vi-

918 1089 990 1123 liori
1018 1095 1049 1122 et
1073 1089 1245 1132 grossiori,
1264 1099 1328 1121 non
1348 1094 1455 1122 tamen
1474 1088 1512 1122 ab
1531 1091 1577 1129 eil,
1596 1100 1657 1133 qua

917 1143 1132 1176 communiter
1169 1142 1320 1175 universa
1356 1142 1470 1184 religio
1503 1152 1567 1175 non
1605 1153 1656 1175 re-

918 1196 1053 1228 formata
1078 1195 1201 1235 utitur,
1227 1195 1417 1227 notabiliter
1450 1194 1599 1235 diversa,
1627 1201 1658 1228 et

918 1248 1054 1291 proinde
1080 1247 1250 1291 praedicto
1277 1247 1440 1280 executori
1459 1247 1657 1291 iniungimus

918 1307 950 1333 ut
976 1301 1163 1344 qualitatem
1197 1300 1383 1333 huiusmodi
1421 1300 1517 1343 panni
1549 1301 1657 1344 saqlia

894 1354 896 1380 i
918 1355 982 1387 sire
1007 1355 1079 1387 saia
1105 1353 1281 1396 nuncupati
1309 1353 1504 1393 dilucidius,
1535 1365 1593 1397 pro
1619 1354 1657 1386 iis

918 1408 1035 1452 quibus
1061 1408 1164 1450 pollet
1189 1407 1258 1440 zelo
1285 1412 1316 1439 et
1340 1406 1527 1449 prudentia,
1555 1407 1657 1449 expli-

918 1466 969 1494 cet
994 1471 1030 1493 ac
1055 1459 1207 1493 deliniat:
1235 1460 1320 1503 quod
1346 1465 1452 1492 autem
1478 1460 1592 1492 attinet
1618 1460 1657 1493 ad

919 1514 1054 1547 formam
1081 1512 1214 1546 vestium
1241 1517 1465 1552 externarum,
1491 1522 1548 1545 nos
1569 1523 1657 1545 men-

918 1577 1007 1599 suras
1033 1566 1065 1598 in
1091 1558 1378 1598 constitutionibus
1401 1575 1459 1608 pro
1481 1564 1593 1598 iisdem
1612 1575 1658 1597 re-

919 1619 1064 1652 formatis
1091 1617 1311 1661 praescriptas
1348 1617 1524 1650 districtius
1550 1617 1658 1651 docla-

917 1677 1024 1705 rantes
1051 1671 1257 1705 decernimus
1283 1671 1368 1713 quod
1396 1669 1501 1703 tunica
1530 1681 1657 1714 compc-

919 1725 1013 1759 tentis
1039 1725 1078 1758 sit
1104 1724 1328 1768 amplitudinis
1349 1729 1380 1756 et
1396 1734 1499 1767 usque
1518 1724 1556 1757 ad
1577 1725 1656 1757 talos

917 1778 1108 1817 descendat,
1136 1783 1230 1820 atque
1256 1787 1273 1809 a
1298 1782 1430 1820 pectore
1462 1782 1493 1810 et
1517 1777 1600 1810 infra
1625 1788 1657 1810 o-

917 1831 1028 1864 mnino
1054 1831 1094 1863 sit
1119 1836 1264 1870 consuta,
1281 1835 1311 1862 et
1335 1829 1475 1862 manicas
1492 1829 1575 1863 bene
1594 1831 1656 1863 lar-

918 1895 972 1927 gas
991 1878 1110 1916 habeat
1128 1892 1193 1915 non
1211 1883 1394 1922 nucleatas;
1418 1883 1585 1926 scapulare
1608 1888 1655 1915 tu-

917 1936 989 1969 nica
1003 1936 1071 1980 ipsa
1090 1936 1184 1978 paulo
1201 1935 1331 1968 brevius
1349 1935 1471 1975 existat,
1487 1941 1517 1968 et
1534 1936 1566 1968 in
1584 1936 1656 1969 lati-

918 1989 1029 2022 tudine
1047 1995 1220 2030 utrumque
1238 1988 1410 2021 humerum
1424 1999 1490 2022 non
1505 1990 1654 2030 excedat;

917 2051 1020 2084 cappa
1041 2051 1116 2074 vero
1154 2040 1195 2073 sit
1231 2040 1308 2073 satis
1342 2042 1449 2083 ampla
1474 2047 1504 2074 et
1528 2042 1655 2075 modice

917 2095 1060 2134 sinuosa,
1074 2093 1211 2136 talisque
1230 2093 1454 2136 longitudinis,
1473 2099 1506 2126 ut
1523 2094 1656 2127 brevior

917 2147 1012 2180 etiam
1031 2146 1267 2189 aliquantulum
1285 2146 1326 2179 sit
1345 2146 1451 2179 tunica
1469 2147 1653 2190 superiore:

917 2200 1021 2243 quoad
1059 2198 1223 2242 caputium
1261 2199 1410 2241 tande-m,
1443 2210 1480 2232 ex
1507 2201 1542 2232 ea
1562 2205 1654 2243 parte

916 2262 998 2296 quae
1023 2256 1120 2294 caput
1146 2251 1238 2294 tegit,
1256 2252 1430 2285 rotundum
1452 2263 1521 2286 esse
1539 2253 1656 2287 debeat

916 2304 947 2338 et
970 2306 1097 2344 latum,
1134 2304 1304 2348 ipsiusque
1341 2305 1475 2339 latitudo
1505 2307 1655 2349 scapular

916 2358 993 2391 hinc
1018 2357 1092 2390 inde
1126 2357 1309 2400 pertingat3
1336 2359 1369 2391 in
1394 2359 1522 2402 reliquo
1547 2365 1655 2393 autem

916 2416 990 2444 ante
1015 2415 1129 2453 peetus
1154 2410 1364 2444 brachiorum
1383 2411 1563 2446 iuncturam
1586 2423 1652 2446 non

916 2468 1065 2504 transeat,
1081 2468 1112 2496 et
1130 2474 1204 2507 pars
1223 2465 1384 2507 posterior
1401 2465 1483 2498 iusta
1500 2467 1555 2498 sua
1580 2476 1654 2510 pro-

914 2517 1065 2561 portione
1097 2516 1278 2550 acuminata
1313 2518 1504 2552 cinctorium
1536 2529 1654 2563 coope-

950 2578 960 2604 1
984 2575 1080 2604 Potius
1100 2575 1159 2612 lege
1179 2576 1285 2605 occasio
1306 2577 1342 2613 (n.
1355 2578 1405 2612 T.).

1547 187 1610 222 817
1660 197 1709 223 An.
1729 196 1757 223 c.
1782 195 1849 223 1729
