2170 3147
3 236 52 265 An.
68 233 96 262 C.
117 233 185 262 1725

772 235 964 261 BENEDICTUS
990 236 1046 260 xm
1072 237 1120 261 PP-

1610 226 1673 261 2:35
1719 236 1767 262 An.
1785 235 1812 263 c.
1836 235 1903 263 1725

194 291 254 325 pro
276 286 421 325 tempore
439 281 650 315 existentibus
682 283 798 332 nostris
824 290 855 317 et
872 284 931 317 Ro·
975 294 1028 317 eus
1058 295 1154 327 super
1186 284 1235 317 liis
1268 295 1285 317 a
1310 295 1493 328 quoquam,
1520 283 1630 327 quavis
1657 294 1709 316 au-

195 344 364 366 manorum
400 333 592 367 Pontificum
626 345 847 368 successorum
874 347 931 369 no-

195 391 336 418 strorum
363 386 495 419 datariis
516 392 547 419 et
571 387 718 419 Brevium
744 393 929 420 nostrorum

194 444 393 471 secretorum
408 438 599 479 secretariis,
614 449 674 472 nee
691 450 756 472 non
770 439 931 473 Cancella-

194 491 274 524 riam
296 492 504 535 apostolicam
521 493 717 535 regentibus,
732 504 767 526 ac
781 493 929 526 omnibus

194 549 226 577 et
265 544 403 587 singulis
440 545 510 578 aliis
535 545 692 586 Datariae,
731 546 930 579 Secretariae

195 596 344 630 Brevium
384 598 645 640 praedictorum,
685 598 927 640 Cancellariae‚

193 648 465 683 Poenitentiariae
491 655 523 684 et
546 651 696 684 Gamerae
727 651 930 694 Apostolicae

193 706 379 735 nostrarum
419 703 628 744 officialibus,
670 704 863 746 ceterisque,
890 704 930 736 ad

194 764 277 797 quos
302 760 426 798 spectat
451 761 481 789 et
505 756 664 799 spectabit
684 756 931 799 quomodolibet

194 805 227 839 in
254 807 403 848 futurum,
428 819 488 851 pro
513 809 633 852 potiori
669 810 815 847 cautela.
842 813 873 841 et
897 808 928 841 in

194 860 417 894 executionem
443 861 600 894 dictarum
633 861 709 895 Sixti
736 862 930 905 praedeces-

193 913 273 946 soris
298 913 490 954 litterarum,
518 914 665 948 districte
694 914 929 958 praecipiendo

193 967 402 1007 mandamuS,
427 973 462 1000 ut
496 967 557 1010 ipsi
593 968 729 1011 posthac
754 978 927 1011 quascum-

193 1029 255 1063 que
287 1024 350 1052 tam
375 1019 526 1054 iustitiam
552 1031 648 1064 quan]
674 1021 809 1063 gratiam
834 1021 930 1053 etiam

192 1072 300 1115 quoad
318 1072 579 1116 dispensationes
591 1073 845 1106 matrimoniales
858 1084 930 1106 con-

193 1129 372 1164 cernentes,
400 1125 494 1158 etiam
521 1125 551 1158 in
578 1126 677 1159 forma
703 1126 812 1159 Brevis
841 1126 929 1159 acin

192 1177 294 1211 forma
313 1178 522 1221 significavit,
543 1184 575 1212 et
599 1179 810 1212 collationum
833 1180 931 1212 bene-

192 1229 340 1264 ficiorum
372 1231 404 1263 in
432 1231 534 1264 forma
558 1231 693 1275 diffluum
717 1236 746 1264 et
771 1232 927 1275 gratiosa,

192 1293 229 1316 ac
254 1284 519 1318 commissionum
556 1285 585 1317 si
613 1285 649 1318 in
680 1285 856 1318 evidentem
882 1296 931 1318 re-

192 1337 333 1382 spective
347 1343 616 1381 nuncupatarum,
639 1343 670 1371 et
686 1338 929 1372 absolutionum

193 1390 393 1434 aliarumque
419 1390 571 1424 similium
603 1391 778 1434 gratiarum
805 1392 929 1425 litteras

192 1444 395 1488 apostolicas,
415 1454 627 1488 personarum
647 1444 929 1488 infrascriptorum

192 1497 346 1536 locorum,
373 1496 524 1530 videlicet
549 1497 683 1530 civitatis
707 1498 738 1531 S.
767 1497 928 1539 Germani,

192 1550 307 1583 casalis
341 1550 372 1583 S.
408 1550 516 1583 Basilii
553 1551 591 1584 de
628 1550 759 1591 Chaira,
801 1561 927 1584 necnon

191 1601 222 1635 S.
249 1602 350 1642 Eliae‚
376 1602 408 1635 S.
435 1603 582 1643 Victoris
609 1603 638 1636 S.
668 1604 753 1636 Petri
779 1604 811 1636 in
837 1603 925 1644 Fine,

191 1654 222 1688 S.
250 1655 455 1699 Apollinaris,
474 1655 505 1689 S.
529 1656 684 1696 Andreae,
704 1656 734 1689 S.
757 1656 927 1696 Ambrosii,

191 1708 222 1742 S.
250 1708 390 1750 Georgii,
416 1709 447 1742 S.
475 1708 559 1742 Petri
586 1709 616 1742 in
644 1707 778 1749 Curulis,
804 1710 835 1742 S.
864 1710 927 1742 An-

192 1761 256 1804 geli
282 1761 314 1794 in
339 1760 514 1800 Theodice‚
538 1761 568 1794 S.
596 1761 771 1795 Salvatoris
805 1763 844 1795 de
870 1762 927 1795 Cu-

191 1813 329 1854 cut-utto,
350 1813 380 1847 S.
408 1813 494 1846 Petri
514 1814 552 1847 de
574 1815 727 1848 Avellana
747 1814 927 1858 respective

191 1870 471 1909 nuncupatorum,
492 1877 527 1900 ae
553 1866 833 1907 Vallisrotundae,
860 1868 927 1901 Bel-

190 1918 344 1959 timoniis,
380 1919 537 1959 Cerbarii,
572 1919 739 1961 Teroeuli,
777 1921 926 1954 Receliae

190 1970 338 2013 Evandri,
364 1971 538 2015 Pignatarii
554 2001 561 2013 ,
588 1973 843 2017 Vanissrigidae,
871 1974 926 2007 Ca-

191 2024 342 2065 strinovi,
369 2025 579 2059 Pescularum
609 2037 713 2070 prope
750 2027 925 2067 Iserniam,

190 2075 424 2121 Vallisregiae,
458 2077 644 2118 Civitellae,
681 2079 805 2112 Pesculi
846 2079 928 2113 Con-

190 2130 307 2171 stantii,
333 2130 447 2164 Serrae
472 2131 725 2172 Monaceschae,
753 2132 852 2165 Farae
877 2132 926 2165 Fi-

190 2183 307 2216 liorum
333 2183 430 2224 Petri,
448 2189 479 2216 et
501 2183 638 2224 Citrarii,
668 2190 848 2218 castrorum
873 2195 927 2218 seu

190 2241 363 2275 terrarum,
385 2247 475 2279 quae,
494 2241 529 2268 ut
553 2236 667 2275 dictus,
691 2242 726 2269 ut
746 2248 854 2280 supra,
875 2237 928 2270 ab·

190 2288 248 2321 bas
274 2289 399 2329 asserit,
421 2288 489 2321 eius
507 2294 538 2321 et
559 2289 715 2332 praedicti
737 2290 927 2323 monasterii

191 2341 393 2375 Cassinensis
427 2341 660 2375 iurisdictionis
695 2353 731 2375 ac
767 2342 926 2375 dioecesis

191 2394 346 2435 existunt,
373 2394 478 2428 eidem
504 2395 663 2428 moderno
696 2400 728 2427 et
759 2405 818 2437 pro
850 2400 928 2428 tem-

192 2456 269 2490 pore
295 2447 443 2481 existenti
463 2447 652 2480 monasterii
671 2447 858 2480 huiusmodi
877 2448 929 2480 ab·

191 2499 256 2533 bati
281 2500 347 2533 sive
383 2499 450 2533 eius
483 2500 600 2533 vicario
638 2500 668 2532 in
705 2499 927 2543 spiritualibus

192 2552 337 2595 generali
363 2557 396 2586 et
420 2563 484 2586 non
510 2552 602 2586 alteri
628 2552 781 2596 dirigant.
811 2554 926 2587 Decer-

192 2610 307 2640 nentes
332 2616 369 2639 ex
394 2615 479 2640 nune
506 2605 631 2641 irritum
651 2611 683 2640 et
707 2605 802 2640 inane
828 2607 853 2640 si
878 2617 927 2640 se·

973 336 1142 377 ctoritate,
1169 337 1309 370 scienter
1335 338 1383 370 vel
1404 337 1605 379 ignoranter,
1633 346 1709 369 eon-

974 389 1084 431 tigerit
1107 390 1271 422 attentari.
1310 390 1379 422 Non
1405 390 1607 422 obstantibus
1634 400 1710 432 apo-

973 441 1115 481 stolicis,
1144 448 1175 474 et
1211 442 1241 474 in
1275 442 1421 474 conciliis
1451 441 1710 480 universalilnts,

973 493 1228 535 provincialibus
1250 499 1280 526 ct
1301 494 1511 536 synodalibus
1532 494 1636 534 editis,
1660 504 1711 536 ge-

973 545 1138 578 neralibus
1164 547 1211 578 vel
1238 545 1443 588 specialibus,
1469 546 1710 578 constitutioni-

973 596 1032 629 bus
1060 603 1092 630 et
1124 598 1398 637 ordinationibus,
1428 598 1604 640 privilegiis
1631 609 1711 640 quo-

973 660 1054 692 que,
1082 650 1214 683 indultis
1252 656 1283 683 et
1316 650 1433 683 litteris
1471 651 1654 693 apostolicis
1679 651 1710 683 in

973 703 1170 734 contrarium
1186 703 1434 746 quomodolibet
1452 703 1625 741 concessis,
1641 714 1711 736 con<

973 754 1106 787 firmatis
1138 761 1169 788 et
1201 755 1380 796 innovatis,
1408 756 1523 798 quibus
1561 755 1710 788 omnibus

973 813 1004 840 et
1029 808 1188 850 singulis,
1215 808 1345 840 illorum
1373 814 1501 841 tenores
1527 809 1710 851 praesenti-

973 860 1030 893 bus
1057 871 1114 903 pre
1132 861 1328 894 sufficienter
1354 861 1514 903 expressis
1540 861 1710 900 babentes,

973 913 1035 945 illis
1060 914 1138 946 alias
1164 913 1195 945 in
1222 924 1278 946 suo
1305 913 1425 946 robore
1457 913 1706 956 permansuris,

973 966 1011 999 ad
1037 966 1292 1009 praemissorum
1326 966 1473 1000 ell'ectum
1491 993 1498 1007 ,
1526 967 1711 1010 specialiter

973 1024 1005 1051 et
1030 1029 1179 1062 expresse
1199 1020 1408 1062 derogamus3
1435 1019 1616 1063 ceterisque
1639 1030 1711 1052 con-

973 1071 1080 1104 trariis
1114 1072 1384 1116 quibuscumque.
1412 1073 1567 1106 Volumus
1604 1078 1710 1105 autem

973 1128 1008 1155 ut
1031 1125 1250 1167 praesentium
1278 1125 1504 1169 transumptis,
1532 1125 1628 1158 etiam
1655 1125 1711 1157 im-

973 1177 1092 1219 pressis
1109 1205 1116 1218 ,
1142 1189 1239 1211 manu
1265 1178 1402 1211 alicuius
1437 1178 1556 1211 notarii
1588 1178 1710 1221 publici

973 1230 1184 1274 subscriptis,
1218 1237 1248 1264 et
1300 1232 1391 1274 igillo
1418 1242 1577 1275 personae
1604 1231 1634 1263 in
1664 1241 1712 1264 ec-

972 1284 1150 1317 clesiastica
1184 1284 1339 1327 dignitate
1379 1285 1575 1318 constitutae
1608 1285 1712 1317 muni-

972 1337 1033 1378 tis,
1065 1338 1177 1371 eadem
1204 1348 1336 1381 prorsus
1363 1339 1442 1371 fides
1472 1338 1502 1370 in
1528 1338 1649 1371 iudicio
1681 1344 1712 1370 et

973 1397 1059 1424 extra
1085 1391 1290 1431 adhibeatur,
1320 1402 1402 1434 quae
1424 1391 1502 1434 ipsis
1530 1392 1711 1434 praesenti-

972 1444 1029 1476 bus
1050 1444 1264 1477 adhiberetur
1292 1444 1316 1477 si
1344 1445 1450 1478 serent
1475 1444 1637 1478 exhibitae
1660 1445 1708 1477 vel

972 1500 1131 1531 ostensae.

1008 1559 1101 1586 Datum
1126 1560 1246 1593 Romae,
1272 1559 1344 1594 apud
1374 1561 1401 1586 S.
1423 1559 1535 1586 Mariam
1561 1559 1707 1593 Maiorem,

971 1604 1021 1630 sub
1040 1604 1138 1631 annulo
1162 1604 1322 1638 Piscatoris,
1348 1605 1391 1631 die
1412 1612 1460 1631 xxx
1482 1604 1542 1631 maii
1563 1611 1706 1638 mcxxxix,

970 1647 1143 1682 pontificatus
1164 1648 1249 1675 nostri
1270 1656 1340 1674 anno
1361 1655 1412 1674 xvi.

1014 1709 1232 1743 Nihilominus
1274 1711 1450 1753 capitulum
1492 1715 1522 1744 et
1559 1709 1903 1766 C³ss0ss5⁶5,‡*'0³,2,‘,³;:;²3,‘⁶g;¹g

970 1763 1160 1805 collegiatae
1204 1764 1361 1796 ecelesiae
1398 1764 1509 1807 oppidi
1548 1774 1600 1796 seu
1626 1764 1822 1819 0³*'¹·,⁵25‘',‘„,22
1837 1778 1903 1819 0οῶῗὲ-

972 1816 1043 1848 tatis
1068 1816 1098 1848 S.
1127 1815 1300 1855 Germani,
1328 1817 1523 1849 antedictam
1562 1817 1706 1849 abbatia-
1718 1827 1794 1871 emaus·
1815 1826 1900 1870 Geccte-

970 1869 1031 1901 lem
1058 1868 1226 1901 ecclesiam
1259 1869 1374 1901 Montis
1405 1868 1526 1901 Cassini
1564 1856 1904 1929 antiquisffiffitra'ggffffi‘-

970 1920 1036 1954 suis
1073 1921 1308 1964 praerogativis
1338 1932 1454 1955 exuere
1489 1927 1585 1964 atque
1627 1932 1708 1964 spo-
1898 1918 1903 1924 ’

970 1973 1049 2006 liare
1069 1974 1313 2013 contendentes,
1332 1974 1444 2016 illique
1464 1980 1497 2005 ut
1514 1974 1705 2015 cathedrali,

969 2028 1017 2059 vel
1044 2026 1157 2070 quasi,
1184 2027 1318 2059 subesse
1354 2027 1595 2067 detrectantes,
1621 2038 1705 2059 anno

969 2089 1128 2112 MDCLxxu
1155 2080 1218 2112 hoe
1243 2084 1274 2112 et
1298 2079 1360 2112 alia
1385 2079 1482 2113 dubia
1498 2080 1635 2122 proponi
1655 2090 1708 2113 cu-

971 2138 1084 2164 rarunt
1120 2132 1150 2164 in
1183 2131 1439 2174 Congregatione
1470 2132 1706 2165 venerabilium

970 2184 1103 2217 fratrum
1125 2190 1309 2218 nostrorum
1327 2185 1358 2218 S.
1380 2185 1415 2217 R.
1436 2185 1469 2217 E.
1494 2185 1706 2219 cardinalium

970 2238 1109 2280 negotiis
1144 2243 1176 2270 et
1209 2238 1501 2271 consultationibus
1538 2239 1705 2282 episcopo-

970 2300 1042 2323 rum
1068 2296 1098 2323 et
1135 2290 1329 2332 regularium
1366 2291 1564 2334 praeposita.
1603 2291 1731 2344 Quae,S
1783 2296 1900 2349 gooncxggffi

970 2342 1085 2376 iisdem
1110 2343 1215 2375 dubiis·
1241 2344 1278 2376 ad
1305 2343 1404 2377 Rotae
1430 2349 1557 2377 nostrae
1591 2344 1898 2377 Ronia-110uiseriscop0·

1717 2382 1760 2396 runi
1780 2379 1800 2396 et
1815 2377 1898 2401 reguta-

970 2406 1028 2428 nae
1054 2396 1250 2429 auditorium
1275 2407 1333 2439 pro
1361 2403 1431 2429 voto
1464 2397 1619 2438 remissis,
1646 2398 1706 2430 ibi-
1717 2403 1900 2449 2¹1i¹ffliiii32²'⁰s32¹¹-

970 2459 1033 2492 que
1059 2448 1112 2480 diu
1139 2454 1286 2481 accurate
1312 2449 1466 2482 discussis
1499 2454 1531 2481 et
1555 2450 1592 2482 ad
1620 2450 1794 2501 savo-gfflao
1816 2456 1900 2480 praem·

969 2511 1036 2533 rem
1061 2500 1229 2533 abbatialis
1254 2501 1408 2534 ecclesiae
1435 2502 1593 2542 resolutis,
1619 2512 1705 2535 anno
1767 2496 1771 2501 ¹

970 2554 1097 2587 tandem
1131 2563 1312 2595 MDchxxt,
1349 2554 1518 2587 ecclesiam
1555 2556 1706 2597 collegia-

970 2612 1032 2641 tam
1048 2607 1078 2641 S.
1096 2606 1242 2641 Germani
1262 2617 1332 2642 esse
1352 2607 1526 2642 subiectam
1549 2608 1705 2642 ecclesiae
