2170 3147
253 213 302 239 An.
322 213 350 239 C.
378 211 444 239 1726

294 1871 323 1891 De
339 1871 445 1895 religiosis

260 1898 286 1918 ad
300 1898 384 1918 ordines
396 1904 446 1923 pro·

259 1925 378 1946 movendis.

490 203 555 236 :344

453 262 547 294 nibus
574 261 604 294 in
631 271 805 295 commune
832 260 1042 294 conserendis
1069 258 1198 302 possint

452 315 621 347 commode
649 314 845 347 sustentari:
873 313 950 346 hinc
974 323 1035 356 pro
1061 312 1197 344 firmiori

453 368 689 401 saluberrimae
727 367 819 399 istius
857 366 1037 399 sanctionis
1080 365 1197 398 robore

453 421 621 454 statuimus
646 426 680 452 ut
705 421 891 463 superiores
917 419 1108 453 eorumdem
1131 430 1198 451 mo-

453 474 693 513 nasteriorum,
720 479 938 506 conventuum
965 478 993 505 et
1027 473 1198 505 domorum

453 527 592 559 subditis
618 526 694 566 suis,
714 526 780 558 sive
799 525 928 559 clericis
946 525 1014 558 sive
1034 525 1198 558 conversis

453 579 576 612 ibidem
603 579 799 621 degentibus
825 577 1066 611 subministrari
1085 583 1199 609 curent

455 637 487 665 et
513 631 634 665 saciant
659 632 768 665 omnia
794 631 832 664 ad
862 632 982 665 victum
1001 636 1034 664 et
1050 629 1198 663 vestitum

453 685 663 726 necessaria;
691 691 744 726 et,
772 685 797 718 si
829 686 942 729 plures
968 684 1142 727 religiosos
1168 683 1197 715 in

453 739 562 782 aliquo
588 744 749 772 conventu
776 749 862 771 nunc
888 738 1027 771 existere
1053 747 1199 780 comper-

455 797 520 824 tum
547 791 663 832 suerit,
689 803 786 836 quam
813 793 844 824 in
871 803 909 825 eo
942 791 1028 824 iuxta
1066 791 1198 823 modum

453 845 671 889 praemissum
698 845 872 877 sustentari
891 845 1029 884 valeant,
1048 843 1199 886 superior

452 898 663 943 provincialis
681 899 747 931 sive
762 900 928 942 praelatus
940 909 996 931 eos
1010 898 1048 930 ad
1061 899 1197 930 alterum

454 952 601 986 eiusdem
619 952 805 996 provinciae
821 958 1028 992 conventum,
1045 951 1097 994 qui
1116 951 1198 994 ipso⁴

453 1016 525 1038 rum
553 1005 782 1038 sustentationi
809 1006 947 1038 idoneus
976 1010 1007 1037 et
1032 1004 1196 1037 sufficiens

454 1058 518 1099 sit,
555 1059 663 1092 statim
703 1059 900 1098 transserat;
935 1063 1096 1102 quatenus
1121 1067 1197 1090 vero

455 1122 611 1145 numerus
636 1112 868 1154 religiosorum
895 1111 928 1144 in
954 1110 1089 1152 singulis
1115 1121 1194 1153 pro·-

454 1165 568 1198 vinciis
595 1165 782 1207 degentium
809 1165 892 1197 vires
919 1169 1139 1197 conventuum
1163 1173 1199 1195 u-

454 1218 690 1261 niuscuiusque
716 1217 904 1260 provinciae
938 1216 1118 1259 respective
1146 1226 1199 1248 cx-

456 1273 561 1312 cedat,
588 1281 654 1304 non
680 1271 733 1303 alii
761 1271 915 1313 deinceps
947 1270 986 1302 ad
1013 1269 1198 1311 religiosum

456 1326 602 1359 habitum
629 1326 661 1358 in
688 1327 724 1358 ea
750 1324 997 1367 suscipiendum
1029 1324 1199 1356 admittan-

456 1384 521 1419 tur,
548 1379 653 1411 donec
678 1388 738 1421 per
762 1377 887 1410 obitum
909 1377 1006 1409 hodie
1024 1377 1198 1409 viventium

455 1433 513 1467 illo
548 1433 698 1465 redactus
730 1432 772 1465 sit
803 1436 837 1463 ut
869 1431 1039 1463 commode
1072 1430 1113 1463 ali
1148 1440 1199 1462 ra-

455 1489 556 1521 leant.
587 1486 708 1519 Dilecto
734 1486 799 1519 filio
825 1486 982 1519 moderno
999 1491 1030 1517 et
1045 1495 1104 1528 pro
1123 1490 1200 1517 tem-

455 1551 536 1585 pore
549 1540 698 1573 existenti
717 1545 827 1572 nostro
842 1545 873 1571 et
887 1538 1092 1582 Apostolicae
1108 1538 1198 1571 Sedis

456 1595 489 1627 in
515 1594 639 1627 eisdem
671 1594 897 1636 Hispaniarum
932 1592 1042 1635 regnis
1080 1593 1198 1624 nuncio

456 1648 543 1681 serio
562 1648 782 1689 iniungentes‚
800 1652 959 1689 quatenus
978 1646 1091 1678 sedulo
1110 1651 1200 1678 curet

456 1707 491 1734 ut
516 1701 694 1745 praemissa
720 1700 905 1743 plenarium
931 1710 1023 1732 suum
1049 1698 1199 1732 effectum

457 1755 651 1794 obtineant,
677 1760 776 1798 prout
800 1754 846 1787 illi
874 1754 904 1786 in
933 1754 1016 1786 dicta
1043 1754 1199 1786 constitu-

457 1809 545 1842 tione
572 1809 804 1841 demandatum
831 1808 945 1840 suerat.

501 1862 571 1906 gf).
599 1861 756 1895 Similiter
794 1862 943 1894 volumus
980 1866 1015 1894 ut
1051 1861 1081 1893 in
1116 1871 1195 1904 pro-

456 1916 603 1949 motione
630 1915 826 1958 regularium
853 1915 891 1947 ad
918 1915 1060 1954 ordines,
1087 1914 1199 1947 decre-

457 1974 524 2002 tum
566 1969 770 2012 praedictum
811 1968 981 2002 memorati
1024 1968 1198 2001 Clementis

455 2021 515 2054 Pr.
549 2021 612 2053 Vlll
654 2020 918 2064 praedecessoris
959 2019 1056 2052 etiam
1097 2019 1197 2052 nostri

455 2074 543 2107 iuxta
569 2079 777 2107 memoratam
804 2073 1070 2106 constitutionem
1103 2083 1197 2106 accu-

455 2127 616 2160 ratissime
643 2126 854 2167 observetur,
887 2126 1031 2158 districte
1069 2136 1198 2170 quoque

456 2180 646 2214 inhibentes
686 2179 838 2213 omnibus
876 2179 1130 2222 archiepiscopis
1168 2184 1199 2212 et

457 2234 620 2278 episcopis
654 2232 808 2276 praefatis
835 2243 874 2265 ne
901 2233 1032 2265 eosdem
1063 2232 1197 2265 ordines

457 2288 606 2321 conferre
633 2292 844 2331 praesumant
861 2286 954 2319 alicui
970 2286 1123 2328 regulari,
1143 2286 1197 2329 qui

457 2342 506 2374 vel
532 2341 564 2374 in
591 2341 790 2374 monasterio
816 2341 882 2373 sive
916 2346 1077 2373 conventu
1115 2340 1198 2372 intra

457 2404 549 2427 suam
576 2393 751 2427 dioecesim
776 2393 838 2426 sito
863 2403 929 2426 non
956 2393 1069 2436 degat,
1087 2394 1152 2433 vel,
1172 2393 1197 2425 si

457 2447 496 2479 de
535 2447 653 2479 familia
694 2446 881 2480 monasterii
921 2456 977 2479 seu
1019 2452 1196 2479 conventus

457 2499 592 2532 alterius
620 2499 782 2532 dioecesis
808 2499 917 2539 suerit,
943 2499 1068 2532 litteras
1094 2500 1197 2532 dimis-

457 2552 560 2586 sorias
577 2552 625 2584 sui
645 2552 823 2596 superioris
845 2552 1003 2595 regularis
1022 2563 1087 2586 non
1107 2552 1197 2586 exhi-

456 2605 548 2640 beat:
574 2607 697 2638 servata
721 2604 753 2637 in
779 2605 966 2649 praemissis
985 2606 1109 2639 decreti
1128 2605 1196 2640 Cle-

1037 210 1218 234 uULLAnIUM
1245 210 1401 234 ROMANUM

1241 259 1356 291 mentis
1379 269 1415 291 ac
1432 260 1673 293 constitutionis
1692 259 1873 293 Innocentii
1892 268 1983 303 prac-

1242 312 1445 344 decessorum
1472 313 1712 355 praedictorum
1740 313 1964 356 dispositione.

1285 365 1300 408 ξ
1331 365 1362 398 6.
1398 366 1526 399 Eisdem
1562 377 1693 410 quoque
1723 365 1982 410 archiepiscopis

1242 424 1273 451 et
1299 420 1464 463 episcopis
1490 420 1549 452 sub
1576 420 1845 452 interminatione
1883 419 1983 452 divini

1243 471 1350 505 iudicii
1367 473 1473 505 denuo
1489 473 1760 516 praecipimus,ut
1777 472 1983 515 quibuscum-

1244 535 1305 568 que
1323 525 1495 558 mulieruin
1513 525 1730 562 monasteriis,
1752 530 1813 557 tam
1831 524 1891 556 sibi
1909 525 1983 557 sub-

1245 577 1337 610 iectis
1364 588 1459 621 quam
1485 579 1580 610 etiam
1608 577 1858 621 quomodolibet
1877 587 1984 609 exem-

1243 631 1315 673 ptis,
1340 630 1427 663 omni
1458 631 1566 663 studio
1597 641 1633 663 ac
1663 629 1833 672 diligentia
1859 629 1984 662 incum-

1243 683 1319 716 bant
1345 689 1376 716 et
1412 683 1588 725 advigilent
1623 682 1807 715 executioni
1847 692 1982 723 eorum,

1243 747 1326 779 quae
1359 746 1416 779 pro
1447 736 1659 769 custodienda
1689 735 1982 768 sanctimonialium

1243 790 1412 829 clausura,
1435 790 1710 833 impediendoque
1743 789 1775 821 in
1805 789 1889 821 dicta
1916 798 1984 821 mo-

1243 843 1381 876 nasteria
1399 848 1586 875 exterorum
1613 843 1774 885 ingressu,
1793 846 1857 873 tum
1884 841 1915 873 in
1935 851 1986 873 sa-

1243 895 1287 927 cri
1314 895 1450 929 Concilii
1477 895 1656 928 Tridentini
1679 894 1830 933 decretiS,
1858 899 1925 926 tum
1951 893 1985 926 in

1242 949 1474 981 constitutione
1497 949 1612 982 similis
1638 947 1813 981 memoriae
1834 945 1984 989 Gregorii

1242 1002 1348 1045 Papae
1373 1002 1440 1035 XIII
1455 1001 1719 1045 praedecessoris
1740 1001 1851 1033 itidem
1870 999 1983 1039 nostri,

1242 1066 1339 1098 quam
1360 1055 1445 1088 idem
1465 1055 1677 1088 Innocentius
1699 1054 1934 1098 praedecessor
1951 1052 1984 1085 in

1242 1109 1387 1152 praefata
1412 1111 1468 1142 sua
1494 1109 1725 1142 constitutione
1743 1107 1914 1147 innovavit,
1935 1106 1985 1139 de-

1242 1173 1341 1206 super
1366 1163 1489 1195 sancita
1515 1163 1656 1195 suerunt.

1995 210 2042 236 An.
2057 211 2086 236 C.
2113 209 2170 238 1⁷26

2031 378 2061 398 De
2079 378 2170 401 clatum-2·

1975 419 1980 424 .
1993 406 2124 427 monialium.

1286 1217 1301 1260 ἓ
1327 1216 1357 1249 7.
1385 1217 1487 1249 Porro
1513 1216 1715 1258 iniungimus
1742 1225 1872 1259 quoque
1910 1223 2170 1257 exa-neemiasque:

1243 1275 1325 1302 ctam
1351 1269 1497 1303 eiusdem
1530 1270 1711 1302 Innocentii
1742 1268 1985 1302 constitutionis

1243 1323 1484 1356 observantiam
1512 1323 1598 1356 circa
1624 1323 1844 1355 consessiones
1882 1333 1900 1355 a
1935 1332 1986 1356 re-

1243 1376 1410 1419 gularibus
1437 1376 1641 1419 praedictis,
1670 1386 1729 1408 nec
1755 1376 1850 1409 etiam
1877 1386 1913 1408 ex
1937 1375 1985 1408 in-

1243 1431 1332 1463 dulto
1370 1430 1458 1473 quod
1500 1430 1545 1462 eis
1586 1435 1770 1473 competere
1809 1439 1983 1473 perperam

1243 1484 1470 1526 praetenditur
1505 1483 1536 1515 in
1575 1483 1636 1515 vim
1674 1483 1785 1516 Bullae
1821 1483 1986 1516 cruciatae

1242 1541 1373 1568 sanctae
1405 1541 1637 1580 nuncupatae,
1663 1547 1723 1569 nec
1749 1547 1785 1569 ex
1811 1537 1873 1569 alio
1905 1547 1986 1580 quo-

1243 1600 1382 1632 cumque
1408 1590 1580 1633 privilegio
1606 1588 1834 1633 excipiendas¹
1862 1590 1983 1634 absque

1242 1644 1460 1688 praecedente
1479 1643 1716 1687 approbatione
1736 1648 1767 1677 et
1783 1643 1911 1676 licentia
1928 1643 1985 1676 Or-

1243 1698 1360 1732 dinarii
1393 1708 1451 1741 pro
1494 1703 1639 1740 tempore
1667 1697 1835 1730 existentis
1861 1697 1923 1731 loci
1950 1697 1984 1730 in

1243 1762 1308 1795 quo
1323 1756 1563 1784 sacramentum
1582 1750 1806 1784 Poenitentiae
1825 1751 1984 1785 ministre-

1243 1811 1310 1845 tur,
1346 1807 1471 1837 servata
1504 1815 1636 1848 quoque
1670 1804 1862 1837 limitatione
1899 1815 1982 1848 quae

1242 1859 1274 1891 in
1312 1859 1379 1902 ipsa
1416 1858 1546 1891 licentia
1581 1858 1621 1890 ab
1659 1858 1773 1890 eodem
1809 1857 1983 1890 Ordinario

1242 1913 1366 1945 adiecta
1404 1912 1499 1944 suerit
1535 1912 1583 1944 vel
1619 1911 1727 1954 quoad
1763 1917 1908 1955 tempus,
1934 1912 1983 1944 vel

1244 1966 1350 2005 quoad
1378 1966 1483 1998 locum
1502 1992 1509 2004 ,
1536 1966 1585 1997 vel
1620 1974 1722 2007 genus
1750 1974 1981 2007 personarum;

1242 2020 1444 2052 declarantes
1480 2018 1564 2061 quod
1601 2018 1632 2050 in
1672 2017 1821 2050 omnibus
1853 2018 1982 2051 casibus

1241 2072 1415 2116 praedictis
1441 2070 1664 2104 confessiones
1691 2070 1784 2103 aliter
1818 2070 1918 2104 sactae
1952 2076 1985 2104 et

1242 2126 1423 2169 respective
1450 2130 1602 2168 exceptae
1628 2125 1737 2157 nullae
1762 2130 1859 2169 atque
1895 2125 1984 2158 inva-

1241 2180 1350 2218 lidae,
1377 2179 1506 2223 ipsique
1532 2178 1720 2212 conl'essarii
1747 2189 1785 2212 eo
1811 2179 1883 2222 ipso
1908 2189 1983 2212 sus-

1242 2233 1332 2277 pensi
1359 2237 1465 2266 erunt.

1286 2287 1300 2330 ἓ
1326 2285 1357 2319 8.
1385 2286 1431 2319 Ad
1459 2286 1539 2318 haec
1564 2296 1674 2318 rursus
1702 2285 1919 2329 prohibemus
1936 2291 1982 2319 at-

2019 2286 2049 2307 De
2069 2287 2170 2308 consessa*

1992 2313 2029 2335 riis
2043 2314 2170 2335 monialium*

1242 2351 1305 2384 que
1332 2339 1562 2373 interdicimus
1593 2350 1632 2372 ne
1663 2340 1834 2382 regulares
1867 2339 1978 2383 cuius·
2008 2362 2010 2365 v

1241 2403 1379 2436 cumque
1417 2392 1546 2425 Ordinis
1586 2397 1618 2425 et
1654 2391 1788 2424 instituti
1830 2392 1981 2435 excipere

1241 2447 1382 2478 audeant
1407 2445 1631 2478 consessiones
1658 2444 1857 2485 monialium,
1885 2444 1981 2477 etiam

1241 2510 1352 2532 eorum
1380 2499 1530 2541 regimim
1557 2498 1775 2531 subiectarum
1803 2502 1835 2530 et
1859 2498 1898 2530 ab
1926 2497 1982 2531 Or-

1241 2552 1355 2585 dInarii
1375 2552 1601 2585 iurisdictione
1616 2551 1862 2595 quomodolibet
1876 2561 1982 2585 exem-

1278 2616 1289 2642 1
1312 2613 1382 2642 Edit.
1405 2614 1484 2642 tttain.
1505 2613 1572 2649 legit
1590 2613 1777 2649 excipiendos
1796 2612 1833 2650 (R.
1849 2614 1899 2649 τ.).
