2170 3147
0 239 22 259 n.
38 230 68 258 C.
89 229 155 257 1728

0 1079 116 1099 Exordium.

0 1552 79 1572 Causae
94 1552 155 1572 liuius

1 1580 135 1599 iis-titutionis.

757 226 951 252 BENEDICTUS
972 227 1031 264 vXlll
1057 227 1104 251 PP.

204 277 316 310 Datum
331 276 461 316 Romae,
473 276 558 319 apud
573 276 604 310 S.
619 277 758 318 Petrum,
771 277 829 310 sub
844 286 895 309 an·

160 330 238 362 nulo
252 329 441 369 piscatoris,
465 328 515 361 die
540 339 568 362 ix
596 329 673 361 iunii
691 339 893 368 ttDcexxvui,

159 381 368 426 pontificatus
390 382 493 415 nostri
515 392 600 414 anno
622 393 652 415 v.

194 444 254 470 Dat.
275 443 317 470 die
337 443 353 470 9
374 443 437 470 iunii
461 443 538 477 1728,
560 443 652 478 pontif.
675 451 744 470 anno
767 452 790 469 v.

437 585 615 618 CCXXVIII.

160 664 363 704 Declaratur,
380 665 434 703 εἰς,
455 665 523 707 qui,
543 668 611 707 post
628 668 700 697 vola
715 663 894 707 simplicia,

205 722 280 750 ante
306 722 408 750 tamen
433 717 603 749 solemnem
621 717 860 760 professionem,
878 728 896 748 α

204 769 360 802 Societate
383 770 458 803 Iesu
482 769 519 802 ab
544 770 686 802 eiusdem
715 771 896 812 praeposito

204 823 348 865 yeneralt'
364 822 590 862 dimittuntur,
613 822 708 855 nulla
727 822 767 855 ab
787 821 896 854 aridem

204 875 359 909 societate
383 875 491 908 deberi
515 875 674 908 alimenta
690 874 711 907 ¹.

342 953 525 981 Benedictus
547 954 627 987 Papa
646 954 725 986 xm,

278 998 313 1025 ad
334 1001 508 1031 perpetuam
532 998 576 1024 rei
596 998 776 1024 memoriam.

206 1069 342 1101 Iniuncti
369 1068 461 1101 nobis
488 1068 639 1100 divimtus
664 1068 835 1111 pastoralis
852 1068 897 1101 os-

162 1121 222 1154 ticii
249 1121 331 1154 ratio
358 1122 502 1164 postulat
525 1127 559 1154 ut
579 1121 609 1153 in
628 1121 678 1153 liis
699 1121 896 1164 apostolicae

162 1181 289 1207 nostrae
308 1174 535 1207 sollicitudinis
559 1180 666 1218 partes
688 1175 830 1207 libenter
849 1173 896 1206 in-

163 1231 386 1270 terponamus,
410 1237 467 1270 per
492 1237 574 1270 quae
600 1226 827 1270 religiosorum
855 1227 897 1259 vi-

161 1291 270 1314 rorum
298 1282 329 1313 in
356 1280 447 1313 vinea
473 1280 597 1313 Domini
625 1280 800 1313 excolenda
820 1286 898 1313 stre-

162 1343 224 1366 nue
242 1332 468 1374 laborantium,
487 1333 705 1376 propriaeque
724 1338 755 1366 et
772 1333 897 1366 alienae

162 1386 342 1419 animarum
370 1386 462 1419 saluti
489 1386 608 1428 iugiter
632 1386 898 1426 incumbentium,

163 1438 261 1482 quieti
276 1445 370 1482 atque
385 1439 609 1482 tranquillitati
625 1445 807 1482 opportune
825 1449 900 1472 con-

164 1492 289 1525 sulitur.

209 1545 224 1587 ἓ
248 1545 279 1578 t.
303 1545 378 1578 Cum
406 1545 826 1589 itaque,sieutaccepimus‚
847 1546 900 1578 So-

166 1598 316 1631 cietatem
342 1597 412 1629 lesu
440 1598 603 1630 multoties
635 1599 773 1631 antehac
805 1600 900 1631 molc-

165 1650 240 1683 stari
277 1661 313 1683 ac
346 1650 376 1683 in
413 1650 566 1683 iudicium
607 1651 690 1683 tralii
728 1651 897 1693 eontigerit

165 1703 205 1737 ab
230 1704 298 1743 eis,
324 1704 396 1746 qui,
423 1708 494 1746 post
526 1709 672 1736 exactum
699 1703 899 1746 probationis

164 1758 330 1791 biennium
369 1768 405 1790 ae
437 1763 508 1790 vota
545 1757 703 1801 simplicia
730 1758 760 1790 in
787 1758 899 1791 eadem

164 1812 323 1845 Societate
346 1811 469 1851 emissa,
488 1818 563 1844 ante
591 1818 696 1845 tamen
721 1813 899 1845 solemnem

166 1864 423 1908 professionem,
459 1875 518 1907 per
553 1864 638 1897 illius
677 1865 898 1908 praepositum

167 1918 352 1960 generalem
372 1916 464 1949 iustis
483 1927 519 1949 ac
533 1917 751 1950 rationalibus
771 1918 809 1950 (le
828 1928 900 1950 eau-

168 1970 222 2010 sis,
239 1970 324 2002 iuxta
343 1969 507 2002 facultates
533 1969 592 2002 sibi
613 1980 629 2002 a
645 1969 797 2002 Romanis
819 1969 900 2002 Pon-

170 2020 305 2053 tificibus
339 2021 644 2064 praedecessoribus
674 2021 792 2054 nostris
817 2022 902 2054 attri-

169 2074 279 2113 butas,
304 2084 339 2105 ex
365 2073 431 2116 ipsa
453 2073 612 2106 Societate
637 2074 899 2115 dimittebantur,

170 2127 321 2160 alimenta
346 2126 469 2158 scilicet
485 2136 540 2158 seu
559 2136 736 2169 congruam
755 2127 902 2160 substen-

172 2179 324 2212 tationem
350 2178 410 2211 sibi
435 2190 452 2211 a
478 2179 564 2211 dieta
598 2179 759 2212 Societate
792 2179 902 2213 deberi

171 2237 203 2265 et
243 2231 399 2274 consequi
442 2231 692 2273 praetendentes
730 2237 904 2275 propterea

171 2284 269 2327 quod,
296 2284 369 2316 dum
395 2283 425 2315 in
452 2283 507 2316 illa
532 2284 711 2326 degebant,
737 2285 775 2317 ad
797 2295 904 2318 sacros

172 2338 324 2378 ordines,
349 2337 470 2380 absque
497 2337 655 2371 beneficio
689 2338 904 2371 ecclesiastico

172 2397 203 2425 et
226 2391 445 2435 patrimonio,
482 2391 537 2424 sed
571 2391 743 2434 religiosae
768 2401 906 2434 pauper-

173 2445 245 2478 tatis
263 2445 368 2484 titulo,
384 2445 524 2487 promoti
541 2444 691 2485 suissent;
711 2445 786 2477 licet
800 2449 905 2477 autem

208 2525 219 2550 1
244 2524 389 2550 Clementis
410 2524 444 2549 XI
465 2527 551 2550 const.
573 2523 615 2550 ed.
635 2530 761 2555 iunceinx,
777 2523 821 2549 die
837 2530 845 2549 1
861 2522 907 2549 de-

173 2567 301 2602 cambris,
323 2567 417 2602 pontis.
438 2576 479 2600 xx,
500 2567 588 2603 agitur
608 2567 641 2594 de
661 2566 774 2594 transitu
794 2566 906 2594 fratrum

173 2611 313 2640 Societatis
333 2611 365 2638 ad
386 2611 451 2639 alios
473 2610 590 2639 Ordines
609 2611 756 2645 religiosos,

1579 215 1637 248 661

939 276 1016 309 satis
1042 280 1249 320 perspectum
1275 276 1543 319 exploratumque
1569 274 1610 306 sit
1629 285 1678 307 ae—

940 329 992 372 qui
1019 329 1161 372 bonique
1186 329 1301 361 rationi
1332 338 1486 371 nusquam
1512 332 1677 360 consenta-

940 392 1035 414 neum
1055 392 1134 420 esse,
1154 382 1239 425 quod
1258 381 1399 414 Societas
1421 380 1577 424 praefata,
1595 391 1677 423 quae

942 435 970 467 in
1008 435 1071 467 illis
1108 434 1318 468 emandandis
1355 434 1422 467 iure
1459 444 1518 466 suo
1554 434 1677 473 utitur,

940 488 1092 521 alimenta
1106 499 1162 521 seu
1182 488 1476 521 substentationem
1496 486 1678 520 huiusmodi

940 540 1169 583 suppeditandi
1195 541 1284 574 oneri
1311 540 1451 574 obnoxia
1480 545 1676 578 remaneant,

941 593 1109 635 minusque
1135 594 1219 636 quod
1246 593 1305 636 ipsi
1328 603 1362 625 ex
1389 595 1443 625 sua
1461 593 1570 635 culpa,
1598 603 1679 635 quae

941 646 1119 678 dimissioni
1138 656 1264 678 causam
1291 646 1434 689 praebet,
1454 645 1627 678 utilitatem
1648 651 1680 677 et

940 699 1144 731 commodum
1172 704 1354 742 reportent.
1377 705 1471 741 atque
1498 698 1539 730 ita
1557 698 1679 741 pluries

941 762 957 784 a
981 751 1240 793 congregatione
1267 762 1326 794 pro
1352 757 1498 794 tempore
1536 751 1679 783 existen-

942 804 1019 836 tium
1045 804 1074 836 S.
1104 804 1140 836 P..
1169 804 1201 836 Ε.
1230 804 1441 836 cardinalium
1460 803 1593 836 Concilii
1612 803 1679 835 Tri-

941 856 1064 889 dentini
1104 856 1342 899 interpretum,
1374 867 1407 889 re
1432 861 1581 888 accurate
1616 855 1679 887 dis-

940 911 1050 948 cussa,
1085 910 1250 942 decretum
1283 919 1319 941 ac
1350 910 1526 942 resolutum
1559 908 1677 948 suerit,

941 962 1155 994 nibilominus
1174 962 1266 994 facile
1289 962 1418 994 evenire
1438 961 1539 1004 possit
1556 961 1677 993 similes

941 1015 1148 1057 quaestiones
1183 1015 1394 1058 imposterum
1427 1025 1579 1057 quospie,
1613 1024 1678 1046 non

941 1068 1010 1100 sine
1036 1068 1219 1110 praedictae
1244 1067 1415 1100 Societatis
1434 1066 1678 1110 perturbatione

941 1132 977 1154 ac
999 1121 1180 1164 dispendio,
1200 1121 1319 1154 moveri
1341 1131 1396 1154 seu
1417 1119 1598 1159 instaurari,
1616 1119 1677 1152 nisi

941 1175 986 1207 eis
1012 1175 1115 1207 aditus
1140 1174 1366 1217 precludatur:

985 1229 999 1270 ἓ
1025 1227 1054 1260 ⁹2.
1082 1228 1161 1260 [linc
1179 1227 1331 1269 estquod
1358 1237 1432 1264 nos,
1453 1226 1596 1258 eamdem
1622 1226 1678 1258 So-

1690 225 1738 251 Λιι.
1755 225 1783 252 C.
1803 225 1868 253 1728

1748 1234 1871 1253 Det-laralia

1689 1261 1800 1286 praedicta
1815 1261 1873 1280 circa

942 1281 1090 1313 cietatem
1110 1280 1195 1319 lesu,
1214 1290 1326 1322 quam,
1347 1279 1388 1311 ob
1407 1279 1585 1321 singularia
1602 1287 1873 1311 suaecwszosasoete.

1691 1315 1733 1333 tato
1750 1313 1809 1335 lum·
1825 1316 1872 1332 ante

942 1334 973 1365 in
1000 1334 1084 1366 lianc
1107 1332 1258 1365 Sanctam
1282 1332 1396 1365 Sedem
1424 1331 1554 1371 merita,
1581 1341 1760 1386 pecu-5:335?
1792 1366 1874 1391 profes-

1818 1340 1873 1358 soti·-

942 1386 1014 1419 liari
1031 1385 1227 1429 apostolicae
1246 1385 1429 1418 dilectionis
1454 1384 1775 1427 prosequimurmonem.

943 1438 1076 1479 affectu,
1102 1450 1118 1471 a
1144 1448 1349 1481 quacumque
1375 1438 1429 1470 lite
1455 1442 1487 1469 et
1513 1437 1676 1477 molestia,

944 1503 1025 1536 quae
1045 1491 1160 1524 exinde
1182 1491 1337 1533 deinceps
1355 1490 1431 1522 oriri
1450 1494 1593 1532 possent,
1615 1489 1680 1522 exi-

944 1555 1041 1583 mere,
1068 1555 1104 1577 ac
1128 1554 1255 1577 omnem
1281 1543 1420 1585 desuper
1437 1541 1679 1575 controversiae

943 1598 1146 1630 occasionem
1161 1596 1355 1629 submovere
1374 1595 1549 1638 cupientes,
1568 1594 1679 1637 ipsani-

943 1662 1004 1694 que
1029 1650 1221 1684 Societatem
1248 1649 1398 1692 specialis
1426 1648 1531 1681 favore
1557 1647 1678 1690 gratiae

945 1703 1094 1746 prosequi
1122 1703 1275 1741 volentes,
1300 1707 1386 1734 motu
1413 1701 1558 1743 proprio,
1583 1711 1618 1733 ae
1643 1710 1678 1733 ex

944 1757 1031 1789 certa
1056 1755 1191 1789 seientia
1227 1760 1259 1787 et
1296 1755 1419 1786 matura
1444 1753 1679 1786 deliberatione

944 1809 1064 1842 nostris
1086 1836 1093 1848 ,
1135 1808 1240 1850 (leque
1277 1806 1472 1850 apostolieae
1513 1805 1680 1849 potestatis

944 1861 1166 1905 plenitudine,
1193 1861 1252 1893 liae
1279 1861 1387 1893 nosti-2⁴1
1420 1865 1579 1902 perpetuo
1606 1858 1681 1891 vali-

946 1916 1015 1948 tura
1040 1913 1274 1947 constitutione
1311 1911 1479 1945 statuimus
1513 1921 1548 1943 ac
1578 1911 1681 1944 decla-

946 1978 1064 2006 ramus,
1082 1971 1290 1999 memoratam
1309 1964 1501 1997 Societatem
1526 1963 1594 1995 Iesu
1617 1973 1681 1996 non

946 2020 1049 2053 teneri
1087 2030 1145 2052 nec
1181 2018 1356 2060 obligatam
1392 2027 1462 2050 esse
1501 2017 1540 2049 ad
1582 2016 1680 2049 ullam

944 2072 1298 2110 subministrationcm‚
1325 2070 1391 2102 sive
1416 2080 1579 2112 congruae
1605 2070 1682 2102 sub-

945 2125 1163 2164 stentattoniS,
1182 2125 1246 2156 sive
1271 2123 1513 2162 alimentorum,
1531 2122 1597 2155 sive
1616 2123 1680 2155 alio

945 2187 1146 2220 quocumque
1173 2176 1264 2209 titulo
1295 2180 1326 2208 et
1357 2176 1451 2207 eausa
1477 2174 1541 2207 illis
1568 2174 1683 2207 sacien-

947 2231 1038 2270 dam,
1062 2230 1116 2273 qui
1143 2234 1215 2272 post
1237 2228 1405 2261 biennium
1432 2228 1633 2271 probationis
1652 2233 1683 2260 et

947 2283 1132 2316 emissionis
1173 2288 1319 2315 votorum
1356 2280 1551 2324 simplicium
1596 2286 1683 2314 extra

947 2337 1065 2370 dictam
1100 2336 1296 2368 Societatem
1322 2346 1338 2368 a
1363 2335 1428 2367 suis
1458 2334 1683 2377 superioribus

949 2389 1131 2428 eiiciuntur,
1158 2388 1295 2428 tametsi,
1317 2388 1391 2421 dum
1408 2388 1439 2420 in
1462 2390 1498 2420 ed
1516 2397 1684 2431 permanc-

949 2443 1047 2483 lmut,
1085 2442 1125 2474 ad
1161 2451 1269 2474 sacros
1308 2441 1403 2474 etiam
1440 2441 1683 2484 presbyteratus

949 2495 1079 2529 ordines
1110 2494 1178 2528 sine
1209 2494 1365 2527 beneficio
1398 2494 1616 2528 ecclesiastico
1647 2505 1683 2528 ac

950 2547 1144 2592 patrimonio
1162 2552 1194 2580 et
1212 2547 1250 2580 ad
1270 2549 1395 2580 titulum
1413 2547 1584 2590 religiosae
1605 2558 1683 2591 pau-

950 2601 1083 2645 pertatis
1111 2601 1250 2643 promoti
1277 2600 1405 2633 suerint,
