2170 3147
241 216 289 244 An.
311 216 339 242 c.
361 216 428 242 1725
474 207 538 240 320

438 273 469 300 ct
495 266 590 299 inane
609 266 634 299 si
653 276 743 299 secus
770 275 868 308 super
893 264 945 297 liis
967 274 983 296 a
1009 273 1180 306 quoquam,

438 320 549 364 quavis
577 318 782 357 auctoritate,
801 317 942 350 scienter
959 317 1009 349 vel
1028 315 1183 358 ignoran-

439 380 496 413 ter,
517 372 687 415 contigerit
705 371 871 404 attentari.
888 370 956 402 Nou
977 368 1183 402 obstantibus

439 426 649 471 praemissis,
668 437 703 458 ac
722 423 1012 458 constitutionibus
1039 428 1071 456 et
1096 421 1184 455 ordi-

439 480 628 513 nationibus
649 478 857 522 apostolicis,
884 487 1013 510 necnon
1038 475 1183 516 Ordinis,

440 533 736 576 Congregationum
774 543 810 565 ac
852 530 1092 575 provinciarum
1125 530 1185 562 hu-

441 587 594 627 iusmodi,
609 586 706 619 etiam
727 583 1184 624 iuramento,confirmatione

441 641 641 684 apostolica,
659 641 708 673 vel
731 639 844 682 quavis
871 639 1024 670 firmitate
1051 636 1112 669 alia
1139 647 1187 669 ro-

441 694 573 734 boratis,
600 693 727 726 statutis
746 698 777 726 et
802 690 1105 730 consuetudinibus,
1123 690 1188 733 pri-

440 747 569 790 vilegiis
596 757 738 790 quoque,
765 746 899 779 indultis
918 750 948 778 et
966 744 1083 777 litteris
1109 754 1187 787 apo-

442 800 584 841 stolicis,
622 800 654 832 in
692 799 892 832 contrarium
931 797 1186 841 praemissorum

443 853 695 899 quomodolibet
720 852 904 891 concessis,
929 849 1131 884 confirmatis
1158 855 1189 882 et

443 907 626 948 innovatis,
654 913 751 950 atque
788 906 937 939 omnibus
973 910 1003 937 et
1040 902 1188 945 singulis,

443 974 526 1007 quac
553 963 585 994 in
611 961 732 994 nostris
758 960 874 993 litteris
892 958 1067 1003 praedictis
1088 957 1190 989 volui-

443 1027 515 1050 mus
541 1026 605 1048 non
633 1015 782 1055 obstare,
809 1012 991 1056 ceterisque
1018 1010 1189 1044 contrariis

445 1070 720 1114 quibuscumque.

428 1117 431 1119 ‚
490 1124 604 1157 Datum
629 1124 763 1162 Romae,
783 1120 868 1164 apud
894 1119 926 1152 S.
958 1119 1106 1159 Petrum,
1129 1117 1190 1150 sub

446 1179 570 1212 annulo
610 1176 808 1215 Pis-catoris,
847 1174 899 1208 die
938 1183 995 1207 v111
1035 1171 1190 1205 februarii

445 1242 621 1272 unccxxvi,
645 1229 860 1275 pontificatus
881 1227 985 1261 nostri
1004 1237 1090 1259 anno
1110 1237 1144 1259 11.

484 1296 542 1324 Dat.
564 1296 608 1323 die
628 1296 644 1322 8
664 1293 795 1322 februarii
819 1292 904 1326 ¹726,
926 1290 1024 1327 pontif.
1046 1298 1116 1317 anno
1137 1296 1164 1316 u.

777 1437 865 1471 CXll.

450 1523 653 1557 Prohibetur
678 1519 887 1563 reqularz'bus
912 1522 940 1551 et
961 1516 1197 1549 claustralibus

495 1576 647 1609 omnibus
666 1575 826 1608 transitus
845 1572 888 1605 ad
905 1572 1011 1604 alium
1030 1569 1195 1609 Ordine-m,

493 1630 668 1674 praecipue
693 1626 953 1671 hospitalarium
985 1629 1043 1657 aut
1068 1624 1197 1657 milita-

495 1694 583 1722 rem,
609 1683 679 1715 sine
702 1680 868 1725 peculiari
892 1678 1036 1712 Romani
1059 1676 1199 1718 Pontifi-

496 1738 542 1770 cis
568 1734 735 1770 licentia&

1019 213 1200 238 nutantum

1227 212 1379 236 noussen

1227 266 1258 294 et
1283 261 1360 294 licet
1383 259 1458 293 Pius
1484 259 1567 303 Papa
1593 259 1616 291 V
1641 259 1876 303 praedecessor
1909 269 1971 292 no-

1227 320 1295 347 ster
1320 312 1589 346 constitutionem
1614 311 1764 351 ediderit,
1781 322 1844 356 qua
1864 311 1972 345 omnia

1226 368 1395 412 privilegia
1421 367 1607 410 abrogavit,
1633 366 1889 410 quibuscumque
1915 365 1972 398 Or-

1228 421 1373 461 dinibus,
1400 420 1616 459 monasteriis,
1640 419 1854 462 hospitalibus
1880 424 1912 452 et
1930 419 1976 452 lo-

1228 475 1273 508 cis
1310 475 1372 519 piis
1404 474 1481 507 olim
1518 483 1696 512 concessa,
1723 471 1905 516 excipiendi
1943 476 1975 505 et

1227 528 1390 563 retinendi
1416 528 1546 566 fratres,
1574 526 1772 566 monachos,
1790 526 1973 565 canonicos,

1229 583 1377 626 aliosque
1400 580 1547 626 quamvis
1569 580 1601 612 in
1618 579 1738 612 Ordine
1760 578 1879 611 mitiori
1902 589 1976 622 pro-

1230 637 1349 675 fessos,
1377 634 1586 678 prohibendo
1613 643 1653 666 ne
1675 633 1721 665 illi
1744 632 1776 665 in
1807 638 1975 676 posterum

1231 691 1270 724 ad
1297 690 1443 723 habitum
1471 694 1502 721 et
1526 688 1767 732 professionem
1791 687 1974 729 regularem

1231 744 1494 782 admitterentur,
1514 741 1639 774 etiamsi
1658 746 1817 785 perpetuo
1843 750 1976 773 manere

1232 802 1264 830 et
1290 796 1395 829 vivere
1422 795 1582 828 deberent
1613 795 1646 827 in
1671 795 1830 827 claustro:
1856 793 1977 826 nihilo·

1232 851 1338 883 minus
1359 850 1419 882 viri
1447 849 1566 892 pietate
1594 854 1624 882 et
1650 848 1823 892 prudentia
1849 847 1978 891 conspi-

1234 904 1282 936 cui
1309 903 1404 936 nobis
1430 907 1669 946 exposuerunt,
1697 912 1730 935 se
1762 902 1860 944 longa
1885 911 1981 944 expe-

1234 956 1350 990 rientia
1376 956 1537 996 didicisse,
1565 966 1689 1000 nosque
1716 954 1794 998 ipsi,
1822 954 1887 998 qui,
1912 953 1979 987 Deo

1236 1012 1376 1050 favente,
1404 1011 1465 1043 hac
1489 1010 1559 1054 ipsa
1585 1009 1636 1043 die
1671 1010 1824 1052 regulare
1849 1007 1981 1040 institu-

1235 1071 1300 1098 tum
1336 1064 1464 1098 Ordinis
1494 1063 1759 1097 praedicatorum
1799 1061 1832 1095 in
1869 1061 1982 1095 adole·

1234 1118 1359 1152 scentia
1385 1117 1522 1161 professi
1551 1117 1668 1149 fuimus
1696 1121 1727 1149 et
1752 1115 1860 1148 adhuc
1884 1113 1982 1158 profi-

1237 1178 1364 1211 temur,
1393 1181 1490 1214 saepe
1521 1171 1619 1212 longo
1652 1179 1710 1202 usu
1745 1168 1980 1211 eognovimus,

1236 1226 1420 1270 praedictas
1458 1224 1645 1256 sanctiones
1683 1228 1714 1255 et
1738 1223 1884 1255 cautelas
1921 1231 1981 1265 pro

1237 1281 1323 1312 recta
1348 1278 1503 1311 Ordinum
1523 1276 1722 1320 regularium
1742 1276 1912 1319 disciplina
1930 1275 1983 1308 ad-

1214 1343 1348 1371 ,versus
1374 1331 1583 1364 calliditatem
1620 1335 1652 1362 et
1685 1329 1842 1362 malitiam
1880 1328 1985 1362 homi-

1215 1401 1217 1417 t
1238 1397 1314 1420 num
1340 1386 1461 1418 tuenda
1486 1395 1600 1428 parum
1626 1383 1790 1417 sufficere.
1817 1383 1984 1425 Siquidem

1238 1439 1460 1485 quampluries
1488 1437 1641 1481 contigit,
1671 1443 1702 1470 et
1720 1436 1751 1469 in
1771 1437 1839 1470 dies
1857 1435 1986 1469 contin-

1239 1505 1317 1538 gere
1340 1493 1507 1532 videmus,
1533 1491 1706 1535 quospiam
1732 1490 1863 1524 Ordinis
1888 1500 1985 1533 regu·

1241 1548 1316 1580 laris
1343 1552 1374 1580 et
1400 1544 1581 1579 claustralis
1600 1544 1784 1577 institutum
1806 1543 1985 1587 professos,

1242 1601 1378 1641 deinde,
1404 1605 1578 1644 postquam
1603 1598 1683 1631 illud
1709 1597 1870 1641 apostasia
1895 1597 1987 1630 dese-

1242 1660 1396 1696 ruerunt,
1424 1654 1471 1687 vel
1500 1652 1598 1686 etiam
1623 1651 1802 1695 aliquando
1821 1651 1892 1684 sine
1910 1661 1988 1695 apo-

1219 1709 1361 1749 stasia,
1387 1707 1568 1752 peculiares
1595 1707 1636 1739 ob
1669 1716 1797 1746 causas,
1824 1704 1987 1738 eiusmodi

2059 212 2073 234 2.
2095 212 2163 241 ¹726

1220 1792 1221 1808 ,
1244 1764 1397 1796 transitus
1424 1762 1608 1794 facultatem
1635 1760 1805 1804 postulare
1831 1764 1864 1792 et
1889 1759 1988 1802 impe-

1220 1812 1222 1854 }
1245 1823 1328 1850 trare
1344 1815 1546 1850 consuevisse
1566 1825 1582 1847 a
1599 1813 1742 1857 propriis
1760 1811 1988 1856 superioribus

1220 1862 1222 1912 ζ
1244 1882 1276 1904 se
1303 1869 1511 1914 privilegium
1539 1867 1676 1900 subditis
1694 1868 1761 1900 suis
1781 1866 1988 1909 regularibus

1220 1922 1395 1967 {eumdem
1423 1922 1592 1955 transitum
1618 1922 1656 1955 ad
1695 1921 1773 1954 alias
1811 1920 1990 1963 religiones

499 1981 587 2014 Licet
625 1990 716 2013 sacra
747 1977 937 2011 Tt‘identinss
969 1975 1133 2020 SyHOdUS,
1168 1980 1198 2007 1¹¹
1221 1972 1222 2007 ἶ
1245 1977 1446 2012 concedendi
1471 1977 1592 2009 habere
1612 1974 1817 2015 iactantibus,
1838 1974 1888 2007 vel
1905 1973 1990 2007 eius-

456 2034 636 2078 integritati
663 2032 854 2076 disciplinae
892 2030 1092 2074 regularium
1126 2039 1201 2072 pro·
1246 2032 1334 2065 modi
1362 2031 1545 2064 facultatem
1572 2028 1635 2062 sibi
1662 2028 1731 2062 dari
1763 2037 1940 2071 procurare
1974 2038 1991 2060 a

455 2088 611 2133 spiceret,
629 2087 765 2130 provido
790 2085 927 2119 consilio
954 2083 1121 2122 statuerit,
1147 2092 1202 2115 ne·
1222 2095 1224 2128 ς
1246 2087 1277 2119 S.
1297 2086 1334 2119 R.
1359 2085 1394 2118 E.
1417 2083 1639 2118 cardinalibus
1666 2082 1792 2125 tegatis,
1818 2082 1868 2115 vel
1893 2081 1933 2115 ab
1959 2091 1991 2114 e-

455 2143 575 2177 ininem
602 2141 838 2183 cuiuscumque
863 2137 993 2171 Ordinis
1019 2137 1202 2180 praelatum
1222 2130 1225 2167 l
1247 2140 1372 2172 jusdem
1397 2137 1559 2171 Ecclesiae
1586 2135 1743 2169 cardinali
1768 2134 1889 2169 majore
1915 2145 1992 2178 poe-

455 2198 503 2230 vel
522 2197 734 2240 superiorem,
750 2195 860 2237 vigore
875 2191 1016 2226 cuiusvis
1035 2191 1201 2230 facultatis,
1247 2192 1454 2232 nitemini-io,
1479 2196 1509 2224 et
1534 2200 1597 2223 non
1621 2200 1694 2223 raro
1720 2199 1738 2222 a
1758 2194 1890 2222 nostrae
1916 2187 1992 2222 eivi-

456 2251 598 2295 aliquem
636 2250 674 2283 ad
712 2248 859 2282 habitum
898 2253 929 2279 et
964 2245 1203 2290 professionem
1249 2247 1322 2280 tatis
1363 2245 1596 2279 Avenionensis
1641 2243 1822 2286 vicelegato
1865 2242 1914 2276 vel
1953 2240 1992 2276 ab

458 2305 630 2338 admittere
656 2313 762 2347 posse,
790 2302 850 2335 nisi
868 2307 901 2334 ut
928 2300 958 2333 in
981 2299 1100 2333 Ordine
1120 2298 1202 2342 ipso,
1224 2278 1227 2338 i
1249 2301 1406 2334 alterutra
1440 2309 1477 2332 ex
1514 2296 1830 2340 Congregationibus
1855 2306 1992 2329 venera-

458 2357 497 2390 ad
524 2368 618 2401 quem
646 2357 851 2395 transfertur,
873 2354 932 2387 sub
954 2353 1003 2386 sui
1023 2351 1204 2396 superioris
1249 2354 1361 2388 billum
1377 2354 1511 2386 fratrum
1530 2357 1718 2385 nostrorum
1737 2350 1767 2383 S.
1783 2350 1820 2382 R.
1834 2349 1869 2382 E.
1888 2348 1992 2382 cardi-

630 1817 815 1845 Benedictus
836 1815 999 1849 episcopus
1014 1835 1019 1845 ,

633 1870 741 1890 servus
763 1868 919 1889 servorum
940 1860 1004 1891 Dei,

568 1910 605 1937 ad
620 1911 802 1943 perpetuam
828 1906 873 1933 rei
894 1905 1081 1932 memoriam.

286 1996 367 2016 cau-aa
384 1999 444 2019 piae·

259 2026 324 2043 ›enti‹
355 2025 444 2042 erectio-

459 2410 695 2444 obedientiam
714 2411 856 2443 claustro
876 2414 1034 2452 perpetuo
1054 2411 1202 2446 maneat;

497 2503 505 2527 1
530 2499 590 2526 Alia
609 2499 691 2525 huius
711 2498 848 2525 Pontificis
869 2500 955 2524 const.
981 2496 1046 2523 edit.
1068 2502 1204 2530 unccxxx',

459 2546 503 2573 die
524 2546 539 2571 4
559 2545 662 2579 aprilis,
685 2543 782 2579 pontif.
803 2550 821 2577 Ι,
843 2543 981 2570 decretum
1008 2542 1058 2569 fuit
1077 2545 1105 2568 ut
1124 2549 1206 2575 regu—

459 2591 530 2618 lares
550 2592 690 2624 apostatae
711 2589 743 2614 ad
764 2596 828 2614 suos
848 2587 963 2614 Ordines
979 2586 1091 2622 impune
1107 2584 1206 2612 reverti

459 2635 545 2670 (male
564 2634 625 2662 edit.
650 2633 727 2660 Main.
751 2632 813 2667 tegit
836 2632 928 2659 teneri
949 2638 973 2657 n.
992 2634 1031 2661 T.)
1051 2629 1168 2666 possint.

1248 2408 1373 2441 nalium
1403 2405 1543 2450 negotiis
1575 2410 1606 2438 et
1631 2403 1860 2447 episcoporum
1885 2406 1917 2435 et
1943 2412 1992 2435 rc-

1250 2461 1410 2505 gularium
1446 2459 1634 2504 praeposita
1669 2462 1701 2491 et
1735 2456 1818 2489 sacri
1855 2454 1993 2489 Concilii

1248 2513 1431 2548 Tridentini
1474 2513 1710 2556 interpretum:
1737 2520 1819 2552 quae
1861 2504 1995 2542 facultas

1249 2567 1443 2601 transeundi
1469 2567 1508 2600 ad
1534 2565 1750 2610 profitendam
1776 2563 1923 2605 regulam
1949 2563 1994 2595 al-

1250 2621 1351 2655 terius
1388 2619 1564 2662 religionis
1602 2618 1634 2651 in
1666 2627 1727 2661 qua
1764 2617 1852 2650 nulla
1889 2615 1996 2660 vigeat
