2170 3147
221 241 408 268 Amet-127
456 231 519 265 612

418 303 435 323 a
468 297 535 323 toto
570 291 703 322 fratrum
741 288 1004 322 Reformatorum
1042 289 1184 322 Ordine'

419 349 607 388 procuratas
632 349 662 376 et
689 343 866 386 respective
888 348 1039 386 receptas
1064 343 1163 376 fuisse

419 403 637 435 memoratur,
677 396 761 429 dicta
797 396 1011 436 auctoritate,
1050 401 1163 429 tenore

418 451 654 494 praesentium,
683 450 913 492 permittimus.

462 505 476 547 ἓ
502 504 533 536 4.
561 503 630 536 Non
657 503 862 536 obstantibus
899 503 1076 546 supradicti
1110 503 1165 536 Ur-

418 557 492 590 bani
514 556 788 600 praedecessoris,
810 557 947 599 aliisque
972 556 1163 599 praemissis

419 621 455 642 ac
469 610 757 643 constitutionibus
772 615 803 643 et
814 610 1078 642 ordinationibus
1092 620 1164 653 apo-

419 663 561 702 stolicis,
580 673 721 702 necnon,
744 668 904 706 quatenus
924 673 1014 705 opus,
1035 663 1077 695 sit
1094 673 1165 705 pro-

419 716 544 748 vinciae
570 722 600 748 et
625 715 753 749 Ordinis
780 716 1037 759 praedictorum,
1065 716 1162 749 etiarn

419 769 614 808 iuramento,
641 768 717 802 etc.¹
1087 805 1093 808 ,

464 821 577 854 Datum
606 822 738 861 Romae,
767 822 852 865 apud
878 821 910 855 S.
937 822 1068 855 Mariam
1095 822 1160 855 Ma-

419 875 535 915 iorem,
575 875 634 907 sub
672 876 794 908 annulo
820 874 996 908 Piscatoris
1016 902 1023 915 ,
1051 875 1103 908 die
1125 885 1164 908 xx

419 928 615 971 septembris
630 938 815 969 Mpccxxvu,
829 928 1040 972 pontificatus
1060 927 1161 961 nostri

419 992 505 1014 anno
531 991 572 1014 iv.

250 518 361 538 Clau-ulae
371 517 407 537 do-

222 548 354 571 tentoriae.

455 1044 512 1069 Dat.
531 1043 575 1070 die
592 1043 626 1070 ἳΟ
641 1043 805 1079 septembris
823 1043 902 1077 1727,
923 1042 1110 1079 pontifianno
1126 1049 1161 1069 1v.

740 1186 835 1220 CCtv.

419 1266 596 1307 Statuitur,
621 1267 714 1299 iuxta
739 1266 900 1310 quasdam
928 1265 1054 1299 Urbani
1084 1265 1168 1299 VIII

465 1320 607 1359 litteras,
644 1323 679 1352 ut
715 1320 854 1363 quisque
888 1320 992 1361 frater
1029 1318 1165 1352 Ordinis

463 1372 688 1405 Eremitarum
715 1372 748 1405 S.
775 1372 978 1415 Auyustim',
1010 1383 1070 1415 per
1101 1372 1165 1404 duo

465 1426 611 1457 triennia
636 1425 794 1458 continua
826 1425 1018 1468 quibusdam
1049 1425 1166 1468 officiis

463 1480 606 1521 functus,
634 1479 669 1511 in
697 1479 789 1511 tertio
816 1479 959 1511 triennio
977 1479 1166 1511 immediate

465 1532 681 1575 subsequenti,
700 1533 739 1565 ab
757 1534 847 1565 omni
868 1533 1020 1565 exercitio
1040 1542 1165 1565 eorum-

464 1585 536 1617 dem
562 1585 745 1628 officiorum
766 1585 944 1625 absolutus,
964 1585 1028 1618 Deo
1046 1589 1074 1617 et
1095 1585 1167 1618 ani-

466 1648 535 1670 mae
561 1649 637 1671 suae
663 1648 778 1671 vacare
805 1642 952 1671 teneatur
965 1637 984 1671 ².

597 1719 780 1746 Benedictus
803 1719 881 1752 Papa
901 1719 987 1752 xm,

553 1764 588 1790 ad
604 1767 782 1797 perpetuam
798 1763 844 1790 rei
860 1764 1043 1791 memoriam.

227 1844 353 1891 ffifflifflm
367 1844 410 1890 {1¹1¹}
467 1839 481 1880 ,ξ
508 1838 538 1870 l.
569 1838 704 1875 Dudum,
733 1848 792 1880 per
810 1838 912 1870 felicis
930 1837 1166 1870 recordationis

227 1891 587 1935 amos·1-1r·1·=r51=t'rbanmn
614 1891 672 1924 PP.
701 1891 763 1923 Vll!
797 1891 1083 1934 praedecessorem
1110 1901 1166 1923 no-

227 1929 264 1971 iss's*
298 1986 301 1993 Δ
356 1930 524 1976 ἷᾞῖιίῗςῑιίιη]
551 1950 682 1987 accepto
720 1944 805 1987 quod
836 1944 951 1977 fratres
991 1949 1066 1976 tunc
1103 1944 1166 1976 exi-

356 2037 366 2046 ⁷,
379 2037 410 2049 dm
424 2003 547 2030 stentes
561 1997 690 2030 Ordinis
709 1997 922 2030 Ereinitarum
940 1997 970 2030 S.
995 1997 1164 2039 Augustini

229 2063 305 2102 fflmf
326 2051 696 2103 ,‚„‚'‚''s'}]‚1⁶Congsess'sslifflilss
737 2050 1007 2083 Discalceatorum
1046 2061 1167 2083 nuncu-

408 2099 572 2147 ¹patoruin
599 2104 737 2136 assiduis
764 2104 853 2135 verbi
872 2104 927 2136 Dei
949 2103 1166 2147 praedicatio-

424 2157 518 2188 nibus
544 2163 574 2188 et
600 2162 880 2189 sacramentorum
911 2156 1164 2189 administratio-

423 2209 520 2241 nibus
563 2210 700 2252 aliisque
741 2209 964 2252 spiritualibus
1004 2210 1188 2243 exercitiis.

425 2263 540 2295 uberes
568 2263 598 2294 in
625 2263 717 2295 vinea
743 2263 867 2295 Domini
904 2263 1027 2296 l'ructus
1053 2263 1166 2295 affere-

423 2316 520 2354 bant,
547 2316 631 2347 idem
667 2316 814 2349 t'rbanus
852 2317 1106 2359 praedecessor,
1133 2322 1167 2349 ut

424 2368 636 2411 congregatio
656 2371 801 2412 praefata
821 2370 1022 2404 felicioribus
1046 2371 1077 2403 in
1097 2370 1165 2403 dies

459 2466 468 2490 1
495 2464 525 2490 [t
542 2474 624 2500 supra
642 2474 702 2501 pag.
722 2467 766 2493 471
787 2476 804 2493 α
820 2470 858 2501 (ft.
879 2468 929 2499 Τ.).

458 2511 474 2534 2
497 2509 615 2534 Lamum
637 2510 737 2536 Urbani
758 2511 816 2537 Vlll
834 2512 991 2538 constitutio
1007 2511 1050 2538 hic
1065 2512 1166 2539 inserta

1008 238 1188 264 BULLARIUM
1212 238 1368 264 ROMANUM

424 2552 496 2579 edita
523 2557 563 2578 est
583 2560 721 2585 mcxxxv,
743 2555 785 2581 die
819 2556 848 2581 18
876 2556 956 2589 maii,
987 2556 1080 2590 pontif.
1108 2564 1163 2589 ΜΗ

424 2597 457 2623 de
478 2597 573 2623 eedem
605 2605 632 2622 re
663 2597 719 2624 vide
741 2598 886 2625 Clementis
908 2599 954 2626 xli
985 2600 1093 2627 constit.
1120 2600 1163 2627 ed.

424 2646 591 2674 Moccxxxiu,
613 2641 655 2667 die
677 2648 690 2665 v
711 2641 851 2673 februarii,
873 2643 968 2677 pontif.
986 2649 1021 2670 ιιι.

1951 239 2004 268 An.
2019 239 2049 269 C.
2070 236 2134 272 172?

1206 289 1379 334 proliceret
1404 288 1614 322 incrementis
1638 288 1808 332 providere
1823 288 1948 328 volens,

1207 348 1292 376 motu
1329 343 1465 387 proprio
1498 348 1529 376 et
1561 353 1599 376 ex
1628 344 1716 375 certa
1753 341 1887 374 scientia
1913 351 1948 374 ac

1208 398 1335 429 matura
1360 395 1599 429 deliberatione
1631 396 1715 436 suis,
1742 401 1778 428 ut
1801 395 1950 438 quicum-

1208 460 1270 493 que
1296 460 1355 493 per
1380 449 1443 482 duo
1482 449 1620 482 triennia
1656 448 1811 481 continua
1841 447 1948 480 vicarii

1208 503 1389 545 generalis,
1415 502 1641 546 procuratoris
1667 500 1845 544 generalis,
1873 500 1951 534 defi-

1209 557 1349 589 nitorum
1369 562 1399 589 et
1414 556 1614 588 visitatorum
1636 554 1851 597 generalium,
1877 564 1951 597 pro—

1208 610 1355 643 vincialis
1382 615 1434 641 aut
1460 609 1577 651 prioris
1603 608 1710 640 officia
1738 607 1948 648 exercuisset,

1208 664 1239 695 in
1256 663 1351 695 tertio
1368 663 1510 695 triennio
1525 661 1708 694 immediate
1726 661 1950 704 subsequenti,

1208 717 1247 748 ab
1274 716 1359 748 omni
1388 715 1542 748 exercitio
1569 713 1810 747 nominatorum
1827 713 1951 746 officio-

1208 780 1276 801 rum
1303 769 1481 809 absolutus,
1499 769 1564 801 Deo
1589 773 1620 801 et
1646 768 1773 800 animae
1799 777 1877 799 suae
1901 776 1951 799 va-

1208 833 1280 855 care
1308 827 1493 862 teneretur,
1525 822 1638 854 statuit
1664 826 1694 854 et
1719 820 1893 861 ordinavit,
1920 825 1951 853 et

1207 877 1300 916 alias,
1326 881 1423 920 prout
1447 876 1581 908 uberius
1607 875 1794 908 continetur
1819 874 1850 907 in
1874 874 1950 917 ipsis

1207 929 1327 963 Urbani
1353 929 1617 972 praedecessoris
1644 928 1762 962 litteris
1788 928 1820 960 in
1848 928 1949 961 forma

1207 983 1317 1016 Brevis
1356 983 1500 1026 desuper
1535 982 1696 1025 expeditis
1736 981 1859 1015 tenoris
1894 980 1949 1024 qui

1207 1035 1366 1079 sequitur,
1391 1035 1559 1068 videlicet:

1254 1089 1405 1122 Urbanus
1430 1089 1525 1132 Papa
1559 1088 1663 1128 VIII,
1691 1087 1734 1120 ad
1754 1091 1948 1132 perpetuam
2018 1102 2141 1134 Praeda-r„

1207 1143 1256 1175 rei
1291 1142 1497 1175 memoriam.
1534 1141 1774 1184 Circumspecta
1811 1140 1949 1174 Romani
1962 1129 2141 1179 iiiiiiwmhb

1209 1194 1374 1228 Pontificis
1399 1194 1624 1238 providentia,
1650 1203 1867 1237 personarum
1891 1194 1949 1226 sub

1209 1248 1296 1281 suavi
1338 1248 1510 1290 religionis
1551 1248 1628 1290 iugo
1670 1247 1769 1280 divini
1807 1246 1951 1279 numinis

1210 1302 1377 1345 obsequiis
1398 1301 1656 1343 mancipatarum
1676 1300 1883 1344 praecipuam
1901 1310 1952 1342 ge-

1210 1366 1283 1388 rens
1299 1355 1566 1393 sollicitudinem,
1587 1365 1623 1387 ea
1642 1354 1752 1387 statuit
1772 1359 1804 1386 et.
1821 1354 1952 1387 ordinat

1210 1421 1291 1452 quae
1314 1409 1397 1442 felici
1418 1408 1605 1441 earumdem
1625 1418 1837 1451 personarum
1856 1407 1951 1440 statui

1210 1464 1448 1505 dignoscuntur
1465 1462 1642 1505 profutura⁷
1662 1466 1775 1504 prout,
1795 1470 1902 1495 rerum
1921 1466 1953 1492 et

1211 1523 1392 1559 temporum
1420 1515 1627 1558 qualitatibus
1654 1514 1762 1547 debite
1787 1513 1950 1557 pensatis,

1210 1569 1371 1612 conspicit
1388 1568 1566 1601 salubriter
1580 1568 1611 1600 in
1630 1567 1768 1600 Domino
1784 1567 1947 1610 expedire.

1210 1623 1286 1655 Cum
1314 1623 1433 1665 itaque,
1451 1621 1535 1654 sicut
1551 1622 1745 1664 accepimus,
1768 1620 1876 1654 dilecti
1896 1619 1951 1652 filii

1212 1677 1327 1708 fratres
1344 1675 1474 1708 Ordinis
1493 1675 1707 1708 Eremitarum
1728 1674 1759 1707 S.
1783 1673 1951 1716 Augustini

1211 1729 1482 1772 Congregationis
1518 1729 1792 1761 Discalceatorum
1830 1737 1953 1760 nuncu-

1211 1789 1359 1826 patorum
1385 1783 1523 1815 assiduis
1548 1783 1638 1815 verbi
1663 1782 1718 1815 Dei
1740 1781 1952 1824 praedicatio-

1211 1837 1307 1869 nibus
1333 1842 1364 1869 et
1390 1840 1671 1868 sacramentorum
1700 1833 1953 1868 administratio-

1211 1889 1306 1922 nibus
1345 1889 1485 1932 aliisque
1526 1888 1752 1932 spiritualibus
1788 1887 1952 1920 exercitiis

1211 1943 1328 1976 uberes
1347 1943 1379 1975 in
1398 1942 1491 1975 vinea
1508 1942 1634 1974 Domini
1658 1942 1779 1974 fructus
1797 1940 1950 1974 afferant:

1211 2007 1290 2036 nos,
1324 2002 1359 2029 ut
1388 1996 1604 2039 Congregatio
1630 1995 1794 2038 praedicta
1830 1994 1953 2028 felicio-

1212 2050 1300 2082 ribus
1327 2049 1358 2081 in
1385 2049 1454 2081 dies
1478 2048 1630 2092 proficiat
1664 2047 1872 2082 incrementis
1896 2057 1954 2090 op-

1211 2109 1348 2146 portune
1375 2102 1551 2145 providere
1578 2102 1736 2142 volentes,
1763 2106 1852 2134 motu
1875 2111 1951 2144 pro-

1211 2156 1303 2199 prio,
1332 2162 1363 2188 ct
1391 2167 1425 2188 ex
1460 2159 1547 2189 certa
1583 2155 1720 2188 scientia
1757 2166 1793 2188 ac
1829 2159 1953 2187 matura

1211 2209 1449 2242 deliberatione
1486 2209 1625 2249 nostris,
1661 2215 1773 2241 tenore
1800 2218 1953 2251 praesen-

1211 2262 1304 2302 tium,
1332 2263 1503 2295 statuimus
1528 2268 1559 2294 et
1583 2262 1793 2301 ordinamus,
1820 2267 1871 2302 ut,
1896 2261 1950 2304 qui

1211 2316 1318 2358 spatio
1338 2316 1502 2359 temporis,
1521 2326 1586 2359 quo
1605 2321 1744 2358 quatuor
1765 2315 1951 2347 immediate

1210 2369 1438 2401 antecedentia
1479 2368 1621 2411 capitula
1661 2368 1828 2410 generalia
1867 2369 1952 2400 cele-

1210 2422 1301 2454 brata
1326 2422 1434 2462 fuere,
1460 2422 1498 2454 ad
1525 2432 1749 2465 quaecumque
1775 2421 1880 2454 officia
1904 2431 1952 2453 re-

1209 2475 1361 2517 ligionis,
1389 2481 1452 2508 tam
1478 2475 1661 2517 generalia,
1689 2485 1742 2507 sen
1769 2474 1949 2517 generalis,

1210 2529 1432 2570 procuratoris
1459 2528 1641 2570 generalis,
1669 2527 1875 2560 definitorum
1901 2527 1950 2559 vel

1210 2581 1414 2614 visitatorum
1454 2581 1681 2624 generalium,
1720 2590 1814 2624 quam
1852 2579 1950 2612 etiam

1184 2635 1419 2677 ,provincialia
1457 2645 1512 2668 seu
1545 2634 1791 2675 conventualia,
1821 2633 1951 2678 provin-
