2170 3147
203 240 391 269 amca-1227
439 233 504 266 614

249 2578 351 2599 Statuitur
376 2580 395 2599 ut

214 2610 235 2626 tu
251 2606 342 2626 rubrica.

397 292 435 324 ad
462 291 569 324 osticia
605 291 764 334 assumpti
802 302 865 324 nou
906 291 1044 330 tuerint,
1080 291 1141 323 sub

399 344 532 376 mentita
565 344 623 375 zeli
660 343 767 387 specie
802 349 914 376 contra
952 343 1142 386 superiores

398 407 473 428 suos
515 396 674 438 litigando
712 402 743 428 et
784 407 989 429 communem
1030 407 1141 439 pacem

399 449 503 481 dictae
529 449 800 491 Congivgationis
818 449 989 486 turbando,
1013 449 1141 481 casdem

398 501 518 534 Urbani
555 502 821 544 praedecessoris
848 502 972 535 litteras
1007 502 1045 535 ad
1080 503 1142 535 alia

399 555 495 587 ctiam
532 555 636 588 osticia
670 555 701 587 in
735 555 798 588 illis
824 555 956 588 minime
990 566 1143 598 expressa

398 618 414 639 a
439 608 699 651 Congregatione
736 608 971 641 venerabilium
1012 609 1142 641 fratrum

398 667 583 694 nostrorum
605 662 636 694 S.
659 661 694 694 [ἰ.
715 662 749 694 Ε.
770 662 983 694 cardinalium
1004 661 1143 704 negotiis

398 719 429 746 ct
455 715 751 748 consultationibus
779 715 1010 758 episcoporum
1038 721 1070 748 et
1095 725 1141 748 re-

399 767 559 809 gularium
597 768 783 811 praeposita
821 769 949 801 extendi
984 778 1142 812 procura-

397 821 520 860 verint,
546 826 578 854 et
605 822 723 854 amodo
761 821 794 853 in
822 821 890 854 dies
929 821 1082 854 maiorem
1114 827 1140 853 et

398 874 551 906 maiorem
578 875 759 907 litterarum
785 875 1012 908 extensionem
1052 874 1142 908 noris

399 926 511 969 litigiis
530 938 689 970 quaerere
711 939 775 961 non
796 928 962 967 desistant,
983 938 1053 960 cnm
1075 938 1143 969 gra»

397 980 529 1013 vissimo
571 981 774 1024 praeiudicio
815 981 1022 1024 supradictae
1067 991 1142 1014 suae

398 1033 689 1076 Congregationis,
717 1044 816 1077 quae,
843 1036 966 1067 attenta
993 1040 1053 1066 tam
1080 1045 1144 1066 am-

398 1087 451 1129 pla
477 1087 668 1120 extensione
695 1088 860 1120 vacantiae
887 1088 924 1120 ad
952 1087 1075 1127 officia,
1103 1087 1144 1120 ob

400 1145 521 1172 tantam
557 1141 800 1174 multitudinem
832 1141 1063 1183 religiosorum
1098 1152 1145 1172 va-

398 1193 551 1233 cantium,
571 1195 756 1226 necessario
772 1194 954 1237 imperitos,
972 1194 1145 1237 incapaces
1166 1203 1167 1206 ’

399 1251 430 1278 ct
456 1247 606 1288 indignos
632 1247 663 1278 in
690 1248 878 1289 superiores
905 1246 1025 1289 eligere
1052 1257 1146 1289 coga-

399 1305 477 1339 tur·,
507 1300 693 1342 praedictus
729 1311 806 1333 vcro
842 1300 977 1333 loannes
1010 1300 1145 1333 lacobus

398 1359 591 1395 procurator
631 1358 663 1386 et
688 1354 928 1387 commissarius
953 1354 1115 1396 generalis

399 1406 637 1449 deplorabilem
663 1413 862 1440 memoratae
903 1418 978 1440 suae
1005 1407 1146 1449 Congre-

399 1459 539 1501 gationis
565 1460 691 1492 ruinam
711 1460 917 1503 praevidens,
945 1471 981 1493 ac
997 1460 1025 1492 vi
1045 1460 1143 1493 officii

399 1512 448 1545 sui
475 1512 634 1555 impedire
652 1513 801 1555 cupiens,
815 1513 1000 1556 praedictas
1014 1513 1145 1557 quidem

399 1566 524 1598 litteras
551 1576 610 1609 per
635 1576 694 1598 nos
720 1566 924 1606 confirmari⁷
957 1572 1142 1609 praeterea,

400 1630 440 1652 ne
466 1620 552 1652 ullus
578 1620 610 1651 in
644 1626 811 1663 posterum
849 1621 909 1652 sub
936 1630 1143 1663 quocumque

399 1673 509 1706 colore
543 1679 596 1705 aut
636 1679 805 1716 praetextu
843 1673 1069 1706 extensionem
1105 1674 1143 1705 ad

400 1727 460 1759 alia
484 1737 706 1770 quaecumque
730 1727 795 1760 sive
822 1738 878 1771 per
900 1728 1144 1770 deputationein

400 1780 464 1813 sive
484 1791 541 1823 per
559 1781 752 1813 electionem
777 1791 832 1813 seu
853 1791 1059 1823 quocumque
1082 1781 1144 1813 alio

401 1833 494 1866 titulo
515 1834 687 1872 venientia,
699 1835 782 1866 ultra
801 1834 856 1866 illa
872 1844 956 1876 quae
975 1834 1006 1865 in
1027 1834 1144 1866 litteris
1166 1829 1168 1880 J
1190 1836 1253 1868 alio
1288 1836 1381 1869 titulo
1420 1837 1604 1877 venientia,
1647 1837 1789 1880 exceptis
1827 1842 1935 1869 tamen

402 1887 588 1919 huiusmodi
608 1887 843 1930 exprimuntur,
862 1886 968 1919 osticia
986 1892 1144 1920 attentare
1167 1885 1168 1906 l

401 1943 453 1971 aut
477 1939 720 1982 quomodolibet
749 1950 926 1983 procurare
948 1947 1144 1984 praesumat,
1167 1936 1168 1940 ¹

402 1992 462 2024 sub
488 1994 593 2035 poena
627 1993 818 2036 privationis
857 1994 943 2026 vocis
968 1994 1088 2027 activae
1115 2001 1145 2027 et

402 2046 548 2089 passivae
584 2046 614 2079 in
652 2053 844 2090 perpetuum
879 2048 1068 2091 prohiberi,
1109 2059 1144 2081 ac

403 2100 532 2132 demum
560 2101 764 2134 extensiones
787 2111 1008 2144 quascumque
1034 2106 1144 2134 contra

404 2164 591 2196 expressum
625 2154 811 2187 carumdem
842 2155 1022 2187 litterarum
1057 2160 1145 2188 teno-

404 2216 471 2238 rem
510 2207 570 2238 iam
609 2208 710 2239 factas
754 2207 936 2248 annullari,
975 2208 1144 2251 dictasque

405 2259 527 2291 litteras
557 2260 594 2291 ad
623 2260 820 2302 primaevam
856 2272 945 2293 suam
973 2261 1146 2294 observan-

407 2312 479 2344 tiam
507 2313 615 2345 reduci
643 2314 819 2356 plurimum
842 2314 1024 2348 desideret:
1053 2315 1146 2348 nobis

407 2370 581 2407 propterea
607 2367 776 2400 humiliter
801 2368 981 2412 supplicari
1014 2369 1087 2401 tecit
1113 2375 1148 2401 ut

407 2419 438 2448 in
465 2419 648 2459 praemissis
681 2427 866 2463 opportune
905 2422 1076 2464 providere
1115 2428 1147 2455 et

407 2476 441 2501 ut
467 2470 548 2503 infra
575 2471 744 2514 indulgere
779 2474 817 2506 de
844 2475 1048 2517 benignitate
1075 2487 1147 2519 apo-

407 2519 520 2552 stolica
547 2520 768 2562 dignaremur.

452 2573 465 2614 ἓ
491 2572 521 2603 a.
549 2572 611 2605 Nos
639 2574 745 2616 igitur,
765 2575 868 2617 ipsum
891 2577 1044 2611 loannem
1066 2578 1149 2611 Iaco-

408 2627 482 2658 bum
504 2633 745 2668 procuraret-sfni
765 2634 792 2659 «³1
817 2631 1076 2663 connuissariuui
1097 2643 1150 2674 ge-

987 241 1168 266 BULLARIUM
1194 241 1351 266 ROMANUM

1185 292 1328 324 noralem
1354 291 1552 334 specialibus
1571 292 1734 325 favoribus
1760 296 1792 325 et
1816 290 1929 334 gratiis

1186 345 1341 388 prosequi
1364 345 1522 385 volentes,
1541 350 1571 378 et
1589 356 1606 378 a
1624 345 1788 388 quibusvis
1805 355 1930 378 excom

1186 398 1422 438 munientionis,
1449 398 1676 442 suspensionIS
1702 404 1733 431 et
1751 397 1928 436 interdicti,

1164 441 1323 494 laliisque
1357 451 1587 484 ecelesiasticis
1629 451 1818 490 sententiis,
1857 461 1931 484 cen-

1186 503 1267 536 suris
1288 510 1319 537 et
1336 504 1471 547 poenis,
1503 516 1520 537 a
1549 505 1618 538 iure
1639 505 1688 537 vel
1715 505 1754 537 ab
1775 504 1928 543 homine,

1164 576 1166 605 ὲ
1187 557 1298 600 quavis
1324 558 1499 591 occasione
1526 559 1575 591 vel
1602 559 1698 591 causa
1718 558 1804 597 latis,
1822 558 1846 590 si
1861 558 1931 601 qui-

1165 621 1166 631 i
1186 610 1246 641 bus
1266 610 1520 653 quomodolibet
1545 611 1725 644 innodatus
1747 610 1864 650 existit,
1891 610 1930 643 ad

1187 662 1336 696 etl'eetum
1369 664 1590 706 praesentium
1623 665 1791 697 dumtaxat
1815 675 1932 698 conse-

1187 717 1370 758 quendum,
1405 717 1522 749 harum
1553 717 1636 750 serie
1664 717 1874 751 absolventes
1901 722 1934 750 et

1187 769 1374 802 absolutum
1420 770 1488 802 sore
1530 775 1720 811 censentes,
1745 770 1931 803 huiusmodi

1164 813 1166 841 '¹
1187 822 1478 865 supplicationibus
1505 823 1670 863 inclinati,
1698 823 1807 857 audita
1832 834 1933 867 super

1186 875 1375 919 praemissis
1397 875 1557 909 relatione
1576 887 1636 919 per
1657 876 1810 910 dilectum
1831 877 1932 910 [ilium

1188 929 1400 962 secretariam
1415 929 1560 962 eiusdem
1576 929 1853 972 Congregationis,
1871 931 1933 963 una

1165 992 1260 1014 cum
1301 987 1375 1015 voto
1416 983 1526 1016 dilecti
1565 982 1619 1016 tilii
1657 983 1763 1016 nostri
1801 983 1931 1026 Ioseplii

1188 1036 1302 1068 Iteuati
1345 1035 1493 1069 eiusdem
1535 1035 1566 1069 S.
1605 1036 1641 1068 R.
1678 1036 1713 1069 E.
1756 1036 1933 1082 cardinalis

1188 1088 1385 1130 imperialis,
1410 1089 1589 1131 nuncupati
1616 1089 1775 1132 praedicti
1801 1088 1932 1122 Ordinis

1188 1141 1271 1183 apud
1309 1152 1367 1174 nos
1402 1147 1431 1175 et
1457 1142 1572 1175 Sedem
1600 1142 1821 1185 Apostolicam
1859 1152 1935 1185 pro-

1189 1195 1338 1234 tectoris,
1365 1195 1460 1228 nobis
1487 1196 1584 1235 sacta,
1619 1206 1654 1228 ac
1688 1196 1786 1228 etiam
1823 1201 1930 1235 motu,

1189 1247 1323 1280 scientia
1349 1258 1385 1280 ac
1410 1250 1534 1281 matura
1561 1248 1801 1282 deliberatione
1820 1249 1934 1282 simili-

1189 1301 1260 1340 bus,
1286 1302 1507 1344 praeinsertas
1528 1302 1645 1335 Urbani
1668 1303 1934 1346 praedecessoris

1136 1354 1314 1393 ,¹littei·as
1354 1360 1467 1388 tenore
1508 1356 1731 1399 praesentium
1773 1361 1933 1399 perpetuo

1189 1408 1419 1441 confirmamus
1445 1415 1475 1441 et
1495 1409 1720 1453 approbamus,
1741 1409 1873 1452 illisque
1892 1409 1935 1441 in-

1189 1461 1349 1495 violabilis
1389 1468 1421 1495 et
1461 1463 1698 1506 irrefragabilis
1734 1462 1934 1507 apostolicae

1190 1514 1351 1548 firmitatis
1376 1516 1476 1549 robur
1501 1517 1692 1557 adiicimus,
1719 1527 1755 1550 ac
1780 1517 1842 1550 alia
1867 1516 1935 1550 ossi-

1189 1568 1253 1608 cia,
1291 1575 1422 1612 praeter
1455 1569 1510 1603 illa
1550 1581 1632 1613 quae
1669 1570 1701 1603 in
1739 1570 1935 1613 supradictis

1190 1623 1402 1666 praeinsertis
1429 1623 1545 1657 litteris
1572 1624 1806 1667 exprimuntur,
1844 1624 1935 1656 nullo

1190 1677 1286 1709 modo
1313 1677 1478 1709 vacantiae
1497 1677 1668 1710 subiacere
1690 1678 1823 1718 debere,
1843 1687 1935 1720 quae-

1190 1741 1326 1773 cumque
1353 1730 1409 1762 illa
1431 1731 1504 1771 sint,
1524 1730 1591 1763 sive
1612 1742 1672 1773 per
1692 1731 1935 1774 deputationem

1190 1783 1257 1815 sive
1294 1793 1354 1826 per
1391 1784 1588 1816 electionem
1631 1794 1689 1816 seu
1730 1793 1934 1827 quocumque

1190 1888 1417 1922 definitoribus
1429 1889 1683 1932 provincialibus
1694 1890 1934 1932 provinciarum

1189 1942 1299 1975 ltaliae
1326 1942 1414 1975 iuxta
1441 1943 1606 1975 decretum
1643 1943 1828 1986 praedictae
1854 1943 1935 1977 Con-

1190 1995 1392 2038 gregationis
1433 1996 1646 2029 cardinalium
1686 2006 1773 2029 anno
1812 2005 1935 2030 MDcclv

1190 2055 1390 2089 enmnatum,
1439 2049 1553 2082 harum
1591 2049 1675 2083 serie
1716 2051 1933 2084 declaramus.

1190 2103 1344 2136 Volentes
1370 2109 1404 2135 ut
1429 2113 1654 2147 quaecumque
1680 2103 1848 2147 derogatio
1878 2104 1936 2137 ha-

1190 2166 1260 2189 ram
1276 2162 1462 2189 nostrarum
1481 2156 1663 2190 litterarum
1680 2158 1710 2190 in
1738 2157 1936 2201 amplissima

1191 2211 1291 2242 forma
1317 2210 1524 2243 extendenda
1551 2211 1672 2243 nullam
1700 2211 1762 2243 vim
1783 2222 1819 2243 ae
1837 2212 1936 2244 robur

1191 2263 1310 2296 lrabeat
1336 2263 1395 2295 nisi
1423 2263 1454 2295 in
1474 2273 1548 2295 casu
1568 2264 1654 2306 quod
1674 2263 1712 2296 ad
1739 2263 1932 2306 petitionem

1190 2316 1323 2359 capituli
1350 2317 1513 2358 generalis
1539 2317 1671 2349 obtenta
1698 2317 1805 2349 suerit.

1235 2369 1297 2411 §la
1326 2369 1559 2408 Decernentes,
1586 2369 1714 2402 easdem
1740 2375 1932 2413 praesentes

1191 2427 1221 2453 et
1248 2422 1466 2464 praeinsertas
1493 2423 1618 2455 litteras
1651 2433 1780 2466 semper
1815 2423 1932 2463 sirmas,

1191 2474 1313 2507 validas
1352 2481 1384 2507 et
1419 2475 1564 2508 efficaces
1601 2476 1737 2509 existere
1775 2482 1807 2509 et
1844 2476 1931 2515 sore,

1191 2537 1332 2570 suosque
1360 2528 1527 2571 plenarios
1554 2534 1585 2561 et
1617 2529 1763 2571 integros
1799 2528 1932 2562 effectus

1192 2581 1298 2612 sortiri
1327 2587 1357 2614 et
1390 2582 1560 2622 obtinere,
1589 2593 1624 2615 ac
1651 2582 1689 2615 ab
1716 2583 1864 2615 omnibus
1901 2587 1932 2616 et

1193 2634 1337 2676 singulis,
1365 2646 1445 2677 quos
1472 2636 1546 2668 illae
1573 2642 1773 2669 concernent
1801 2646 1932 2681 quomo—

1938 242 1988 270 An.
2003 241 2032 271 C.
2052 244 2116 274 1727

1972 2377 2090 2399 clausulae.
