2170 3147
0 190 41 217 tn.
60 187 88 216 C.
107 187 174 216 1728

17 354 66 374 Tum
87 358 137 372 vero
155 357 167 371 a

0 382 49 401 luto
69 379 85 398 V
106 384 168 399 unuin

0 406 79 426 ‚fficium
109 404 170 424 autli-

0 434 67 453 ovntus
81 437 187 456 genera-.
370 447 376 452 .
523 447 528 451 .
568 446 573 452 .
685 447 690 452 .
836 446 842 451 .

0 446 394 485 aquarum-im-mcommodis
420 447 592 489 praedictis
618 447 749 479 obware
770 456 915 488 cupienS,

0 488 299 558 ‘3J⁵‡{{{’{{¹J330P0¹'³0
329 499 469 542 pretium
495 499 584 532 duxit
616 499 773 541 praedicti
804 498 918 531 iudicis

0 544 11 557 ὤ
36 543 46 557 Β
131 549 136 555 .

757 186 951 211 BENEDICTUS
976 187 1033 211 xm
1059 188 1107 212 1³1³.

179 236 264 269 fectu
289 235 453 273 carebant,
480 234 512 267 in
538 234 716 267 animarum
736 234 914 277 perniciem
938 235 1069 269 'ctione
1094 236 1332 270 interveniente
1358 248 1411 271 seu
1438 248 1510 271 cum
1540 238 1589 270 his
1622 249 1698 272 con-

180 295 211 322 et
235 288 418 322 scandalum
445 288 677 331 plurimorum)

223 342 236 384 g
276 340 304 372 2.
345 340 497 373 Eiusdem
537 340 773 374 recordationis
812 340 917 373 Sixtus

181 395 265 437 Papa
283 394 325 432 V,
350 393 499 427 similiter
524 394 754 437 praedecessor
785 399 916 433 noster,

180 562 352 595 personam
377 551 507 595 speciali
543 551 634 584 titulo
667 556 696 583 ct
729 551 918 584 denomina-

180 604 266 638 tione
293 604 459 643 decorare,
486 604 638 646 illiusque
662 603 917 636 iurisdictionem

180 657 348 701 ampliare,
368 662 401 689 ut
425 657 457 688 in
483 656 636 689 tribunali
663 667 721 689 suo
748 662 814 689 tum
841 656 918 689 iudi·

180 710 229 743 cia
255 715 320 742 tum
346 714 452 742 cetera
471 709 508 742 ad
528 708 560 741 id
581 719 696 740 munus
722 708 915 751 pertinentia

180 769 340 806 perpetuo
377 762 608 800 stabilirentur,
648 772 683 794 ac
721 761 759 794 ad
796 767 916 794 certum

181 815 394 858 debitumque
428 814 524 847 linem
550 814 801 853 ordinarentur,
828 820 916 846 motu

181 869 250 902 eius
276 868 423 912 proprio,
448 869 600 910 meraquc
626 867 862 900 deliberatione
888 872 919 900 et

181 921 251 955 eius
289 923 376 954 certa
413 921 559 959 scicntia,
585 925 616 952 et
647 920 685 952 de
721 920 917 962 apostolicae

180 973 350 1018 potestatis
386 972 611 1016 plenitudine,
645 983 745 1004 uuum
779 972 918 1005 officium

181 1027 379 1060 auditoratus
430 1025 594 1068 generalis
642 1035 918 1068 quarumcumque

181 1079 470 1118 confidentialium,
496 1078 591 1111 etiam
616 1078 825 1111 simoniacam
852 1088 921 1120 pra-

181 1133 311 1166 vitatem
338 1137 369 1165 et
389 1142 627 1175 quamcumque
653 1131 747 1164 aliam
775 1131 919 1164 illicitam

181 1186 363 1229 pactionem
389 1184 620 1224 inducentium,
656 1195 710 1217 seu
736 1184 921 1216 connexita-

182 1243 245 1272 tem
263 1239 404 1282 aliquam
422 1248 492 1270 cum
511 1237 709 1271 confidentia
731 1237 920 1270 liabentiun‘i

182 1301 350 1325 causarum
387 1301 559 1334 rerumque
591 1290 733 1323 omnium
765 1290 840 1322 inde
873 1300 922 1322 re-

182 1345 378 1384 sultantium,
411 1354 470 1386 pro
508 1354 574 1376 uno
611 1343 757 1385 generali
794 1343 920 1375 illarum

182 1396 346 1437 auditore,
384 1396 438 1439 qui
475 1396 617 1429 omnium
655 1399 684 1428 ct
720 1395 920 1437 singularum

183 1458 350 1481 causarum
388 1448 572 1481 huiusmodi
610 1447 794 1480 ordinarius
827 1447 920 1479 iudex

184 1500 384 1540 exerceret¹,
411 1506 442 1533 ct
466 1500 607 1533 officium
641 1500 746 1543 ipsum
783 1500 821 1532 ad
854 1500 922 1532 eius

183 1552 280 1585 vitam
321 1552 494 1592 obtineret,
536 1552 681 1595 illudque
716 1552 746 1584 in
780 1552 922 1585 eiusdem

961 289 1100 322 fitlcntiis
1126 290 1265 333 aliquam
1291 291 1541 333 dependentium
1562 292 1610 324 vel
1627 302 1699 324 con-

939 362 941 367 »
961 343 1132 375 nexitatem
1148 343 1286 376 habente
1302 343 1444 377 indebite
1460 350 1698 387 perceptorum,

961 396 999 426 ad
1036 406 1172 437 quorum
1210 396 1445 429 restitutionem
1474 408 1698 440 quoscumque

962 457 1020 490 per
1049 448 1151 490 ipsius
1177 448 1333 481 auditoris
1360 449 1553 482 sententiam
1580 449 1699 482 conde·

962 501 1083 540 mnari,
1121 501 1245 533 etiamsi
1283 502 1487 544 postmodum
1525 512 1583 544 per
1618 502 1699 535 alios

962 552 1084 585 iudices
1111 563 1240 586 causam
1268 554 1400 587 sortasse
1427 554 1567 587 revidcri
1594 560 1625 587 et
1653 554 1700 587 di-

962 610 1044 638 etam
1070 606 1262 639 senteutiam
1289 607 1470 639 confirmari
1509 617 1563 640 seu
1597 608 1700 640 resor-

962 658 1052 697 mari,
1078 668 1114 690 ac
1139 658 1233 690 ctiam
1261 670 1357 701 super
1382 659 1498 702 quibus
1523 664 1595 702 post
1611 659 1698 692 litem

963 711 1103 754 desuper
1121 712 1153 744 in
1178 711 1281 744 officio
1299 711 1484 744 huiusmodi
1512 711 1699 745 intentatam

962 763 1208 806 quomodolibet
1225 763 1374 807 componi
1402 764 1451 796 vel
1469 764 1547 797 alias
1564 774 1701 797 concor-

963 816 1030 848 dari
1058 815 1252 858 contigisset,
1279 826 1405 849 necnon
1438 816 1546 850 omnia
1577 822 1608 850 et
1638 816 1702 849 sin-

962 869 1036 910 gula
1062 869 1124 901 alia
1150 868 1229 907 iura,
1257 869 1385 909 salaria,
1416 870 1537 912 regalia
1563 874 1594 902 ct
1620 880 1703 902 enio—

963 923 1107 954 lumenta
1139 932 1360 965 quaecumque
1397 922 1559 955 ordinaria
1593 928 1624 955 et
1649 933 1702 955 cx-

963 974 1175 1007 traordinaria
1199 974 1427 1017 undecumque
1463 982 1494 1008 et
1525 975 1703 1018 quomodo-

963 1035 1100 1068 cumque
1116 1025 1352 1068 provenientia,
1368 1025 1463 1058 etiam
1477 1026 1638 1068 sportulas
1653 1027 1702 1058 vcl

963 1077 1026 1110 alio
1041 1087 1243 1120 quocumque
1257 1078 1388 1110 nomine
1406 1084 1601 1121 nuncupata,
1621 1088 1704 1121 quac

965 1130 1084 1163 iudices
1109 1140 1276 1162 causarum
1295 1130 1570 1163 confidentialium
1590 1131 1703 1164 liuius-

964 1183 1048 1216 modi
1076 1183 1107 1216 in
1133 1183 1216 1216 dicta
1234 1183 1328 1216 Curia
1346 1193 1405 1226 pro
1433 1189 1577 1226 tempore
1603 1183 1704 1227 depu-

965 1237 1020 1269 tati
1045 1236 1294 1280 quomodolibet
1319 1242 1348 1269 et
1381 1247 1584 1279 quocumque
1610 1237 1703 1270 titulo

964 1290 1013 1322 vel
1045 1291 1139 1322 causa
1165 1288 1304 1329 babere,
1331 1290 1506 1332 consequi,
1530 1289 1646 1322 lucrari
1673 1297 1705 1324 ct

964 1342 1132 1385 percipere
1165 1348 1410 1381 consueveram,
1437 1353 1492 1375 seu
1519 1343 1614 1375 etiam
1647 1354 1704 1386 po-

966 1395 1100 1428 tuissent
1118 1406 1153 1427 ac
1171 1394 1366 1434 debuissent,
1382 1394 1613 1439 cuiuscumque
1632 1407 1705 1439 qua.

965 1449 1086 1489 litatis,
1115 1449 1301 1492 quantitatis
1339 1453 1371 1481 et
1406 1448 1526 1481 valoris
1551 1449 1704 1490 fuissent,

965 1501 1142 1544 apostolica
1175 1502 1365 1534 auctoritate
1398 1501 1581 1544 praedicta,
1609 1501 1703 1535 etiam

966 1562 1123 1598 perpetuo
1149 1554 1321 1597 applicavit
1346 1561 1375 1587 et
1401 1555 1633 1598 appropriavit.

1589 180 1651 215 735
1698 190 1749 216 An.
1771 191 1799 217 c.
1820 189 1892 218 ¹728

184 1605 261 1639 Sixti
286 1605 546 1648 praedecessoris
572 1605 756 1638 huiusmodi
797 1610 828 1637 ct
864 1615 922 1648 pro

185 1665 331 1702 tempore
371 1658 537 1691 existentis
582 1658 717 1690 Romani
760 1658 924 1691 Pontisieis

185 1711 334 1744 manibus
353 1710 621 1754 quandocumque
647 1710 812 1753 resignare
837 1710 923 1742 licite

186 1769 305 1808 posset,
319 1764 357 1796 ad
372 1765 471 1796 instar
485 1764 620 1796 aliorum
636 1764 799 1796 Romanae
810 1763 924 1796 Curiae

1011 1608 1025 1651 g
1056 1607 1088 1640 3.
1123 1607 1257 1650 lpscquc
1296 1607 1426 1640 auditor
1462 1618 1521 1650 pro
1558 1613 1727 1655 tempore
1757 1618 1901 1654 izi-aquatam

967 1661 1109 1693 existens
1136 1659 1286 1692 omnibus
1311 1665 1341 1692 ct
1359 1659 1495 1702 siugulis
1514 1660 1705 1703 privilegiis,
1718 1646 1900 1696 523252352¹3,1¹‚'1‘.2221

968 1714 1085 1756 quibus
1110 1713 1174 1745 veri
1196 1712 1382 1752 {amittat-es,
1401 1718 1477 1745 tunc
1502 1713 1560 1752 sui,
1587 1718 1618 1745 ct
1644 1697 1901 1745 lto-illssi«‘‹l.‡⁰i.¹‹¹‡1'5iil

968 1766 1052 1798 mani
1079 1764 1242 1798 l'ontificis
1268 1775 1326 1807 pro
1353 1770 1500 1808 tempore
1526 1751 1901 1805 existentis,ES'fmifiiffnfflssl

186 1817 364 1850 officiorum
389 1817 580 1850 vacabilium
606 1823 636 1849 et
661 1816 924 1858 resignabitium,

188 1869 365 1911 apostolica
381 1869 570 1902 auctoritate
589 1874 747 1912 perpetuo
773 1869 874 1902 crexit
895 1874 926 1901 et

190 1921 351 1961 instituit,
377 1922 490 1964 illique
523 1922 569 1954 sic
591 1928 698 1955 erecto
724 1927 754 1954 et
779 1922 925 1954 instituto

191 1983 251 2015 pro
269 1973 355 2006 illius
373 1974 447 2006 dote
465 1974 620 2007 decimam
639 1980 763 2017 partem
782 1975 926 2007 omnium

193 2029 225 2057 et
242 2025 441 2067 singulorum
460 2026 628 2066 fructuum,
647 2027 841 2066 reddituum,
858 2038 928 2070 pro-

193 2082 359 2117 ventuum,
380 2077 509 2119 iurium,
528 2079 759 2112 obventionum
778 2090 814 2112 ae
832 2080 927 2112 etiam

195 2128 458 2162 distributionum
476 2131 746 2173 quotidianarum,
767 2132 861 2165 etiam
880 2143 929 2165 so-

194 2182 232 2215 lis
266 2182 493 2225 praesentibus
527 2189 559 2216 et
591 2184 707 2216 divinis
739 2184 852 2217 officiis
882 2185 930 2217 in-

196 2235 427 2268 teressentibus
446 2235 514 2268 dari
533 2242 565 2269 et
584 2247 642 2279 per
659 2247 713 2270 eos
739 2237 862 2281 percipi
883 2248 931 2271 so-

195 2287 334 2328 litarum,
350 2292 381 2320 et
398 2287 535 2321 aliorum
554 2299 829 2334 quorumcumque
847 2301 931 2324 emo-

194 2341 426 2379 lumentorum,
455 2350 490 2373 ac
528 2341 622 2374 ctiam
658 2343 852 2385 pensionum
877 2354 931 2376 an-

195 2402 348 2433 nuarum,
385 2403 458 2426 cum
494 2393 678 2427 interventu
715 2395 930 2430 confidentiae

195 2446 245 2479 vel
271 2446 351 2479 alias
377 2446 553 2480 simoniaca
578 2453 630 2480 aut
655 2448 716 2481 alia
740 2448 852 2483 illicita
876 2460 931 2493 pa-

231 2563 242 2589 1
267 2561 359 2590 Potius
380 2562 438 2599 lege
458 2562 594 2592 existeret
610 2564 647 2596 (a.
666 2564 713 2598 τ.).

969 1818 1180 1860 continuique
1206 1818 1455 1856 commensales,
1489 1818 1624 1861 praelati
1652 1818 1708 1851 do-

969 1870 1274 1913 mestici,Sedisque
1294 1870 1478 1913 praedictae
1496 1871 1613 1903 notarii
1632 1882 1708 1915 quo-

970 1924 1151 1957 modolibet
1183 1924 1349 1963 fruuntur,
1382 1923 1552 1967 potiuntur
1576 1929 1608 1957 et
1632 1935 1708 1966 gau-

971 1977 1060 2016 dent,
1079 1976 1138 2008 sibi
1158 1975 1309 2008 similiter
1327 1981 1485 2019 perpetuo
1501 1977 1663 2010 concessis
1677 1982 1707 2010 ct

972 2028 1172 2069 indultis...¹;
1200 2039 1312 2062 omncs
1330 2034 1361 2061 et
1379 2029 1524 2072 singulas
1550 2030 1708 2064 dictarum

971 2081 1258 2123 confidentiarum,
1280 2081 1489 2115 simoniacam
1516 2083 1707 2126 pravitatem

972 2136 1021 2167 vel
1046 2135 1191 2178 quamvis
1217 2135 1311 2167 aliam
1344 2135 1491 2168 illicitam
1522 2136 1707 2179 pactionem

972 2187 1219 2227 inducentium,
1257 2197 1315 2220 seu
1352 2187 1494 2231 aliquam
1520 2188 1710 2231 dependen-

974 2239 1049 2272 tiam
1080 2240 1130 2272 vel
1156 2241 1397 2273 connexitatem
1420 2241 1630 2281 habentium,
1660 2252 1710 2274 re-

973 2303 1110 2336 rumque
1128 2294 1270 2326 omnium
1290 2293 1363 2327 inde
1383 2295 1619 2334 resultantium,
1638 2305 1710 2328 cau-

973 2354 1023 2378 sas
1049 2345 1234 2379 huiusmodi
1261 2346 1292 2378 in
1319 2347 1432 2380 eadem
1458 2347 1550 2380 Curia
1575 2358 1711 2391 quomo-

974 2398 1166 2441 documque,
1194 2404 1225 2431 ct
1250 2399 1546 2443 qualitercumque,
1573 2410 1609 2433 ae
1633 2401 1711 2434 alias

973 2460 1193 2494 quascumque
1241 2461 1399 2494 personas
1418 2479 1425 2493 ,
1470 2452 1565 2486 etiam
1608 2454 1711 2486 cardi-

1010 2522 1020 2548 1
1045 2521 1123 2548 Plura
1136 2521 1235 2548 desunt
1249 2522 1281 2549 ad
1302 2523 1490 2558 complendam
1509 2524 1660 2559 syntaxim,
1682 2528 1710 2551 ut

973 2569 1047 2602 patet
1063 2574 1094 2593 ex
1110 2569 1181 2595 tomo
1197 2574 1255 2602 vui,
1272 2575 1333 2603 pag.
1350 2567 1401 2595 796
1417 2577 1435 2595 a
1450 2570 1486 2604 (a.
1503 2570 1551 2602 τ.).

1719 1805 1783 1824 uatlh
