2170 3147
0 279 28 299 n.
42 271 70 297 C.
95 270 160 296 ¹725

0 359 63 380 xbris.

9 2444 158 2466 confirmantur

0 2484 2 2489 .
33 2475 159 2492 renovantur

761 273 953 296 nsxnnifirt‘s
979 275 1032 297 xiu
1061 276 1109 298 rr.
1590 267 1652 299 ⁹287
1699 277 1749 302 An.
1767 277 1795 302 C.
1818 276 1886 303 1725

0 334 36 353 aas
54 331 111 353 01³0
128 330 278 352 re-sorum
305 325 490 352 nostrorum
517 320 660 361 vestigiis
686 321 907 360 inhaerentes,

171 373 223 415 qui
259 372 345 405 hunc
376 372 502 404 vivendi
543 373 671 405 modum
706 378 736 405 et
773 373 907 405 sormam

170 425 394 468 approbarunt
414 426 462 457 vel
481 425 715 457 confirmarunt
739 431 793 457 aut
811 425 906 457 etiam

169 477 302 510 summis
329 476 478 509 laudibus
510 478 707 516 extulerunt,
736 488 794 509 nos
819 488 909 510 eum-

171 530 242 563 dem
262 536 416 570 sanctum,
437 530 640 562 meritorium
661 536 691 563 et
708 530 907 562 christianae

171 583 363 626 perfectioni
389 584 607 623 conformem,
635 593 763 615 necnon
797 594 907 615 verum

170 643 198 669 et
233 636 398 680 proprium
437 636 608 677 Ordinem,
648 647 745 669 unum
782 637 813 669 in
841 642 906 669 toto

170 690 258 730 orbe,
286 700 322 722 ex
347 689 567 722 saecularibus
592 689 728 733 aliisque
753 689 908 732 collegia-

170 742 246 775 liter
270 742 453 775 viventibus
489 748 521 775 et
553 743 756 784 regularibus
789 742 902 785 promi

169 805 243 828 seue
258 795 483 838 compositum,
499 800 533 826 ut
546 794 554 810 ¹
575 806 591 827 a
611 806 812 838 quacumque
832 805 908 827 con-

171 848 369 880 fraternitate
403 858 439 880 ex
466 848 711 891 comprehensis
747 848 778 880 in
816 848 907 880 Bulla

170 901 363 934 recolendae
403 901 578 933 memoriae
623 900 798 934 Clementis
844 901 906 933 Pa-

170 964 230 996 pae
254 953 317 986 &⁷111
343 954 527 987 omnimode
560 954 755 993 disum-tum,
794 959 906 997 utpote

170 1006 224 1049 qui
250 1006 308 1039 sub
334 1007 468 1050 propria
486 1008 597 1049 regula
617 1007 656 1039 ab
678 1007 738 1039 bac
766 1007 907 1039 Romana

169 1059 251 1093 Sede
277 1060 465 1103 approbata,
492 1070 561 1092 cum
589 1059 755 1098 novitiatu,
783 1060 907 1102 profes-

169 1113 260 1145 sione
297 1117 328 1145 et
366 1112 502 1152 babitu,
529 1111 589 1144 sub
625 1112 722 1144 certis
754 1113 850 1145 modo
877 1118 908 1145 et

171 1165 287 1205 forma,
315 1170 412 1208 prout
436 1165 535 1197 ceteri
567 1164 701 1197 Ordines
728 1170 791 1197 tum
818 1176 907 1207 regu-

169 1219 255 1251 lares
283 1224 348 1251 tum
380 1219 536 1251 militares
569 1224 600 1251 et
633 1219 687 1251 alii
722 1218 905 1251 huiusmodi

170 1277 415 1312 consueverunt,
431 1270 608 1314 dispositus
624 1272 792 1314 reperitur,
809 1271 906 1304 fuisse

170 1335 298 1368 semper
323 1331 354 1358 et
378 1335 448 1358 esse
475 1324 676 1357 decernimus
711 1331 741 1358 et
767 1325 906 1358 declara-

169 1388 251 1411 mus.
279 1378 381 1421 Atque
407 1383 493 1410 motu
520 1378 616 1410 simili
644 1379 788 1419 regulam
815 1389 907 1421 prae-

169 1431 285 1464 dictam
310 1432 341 1474 (a
368 1430 468 1464 felicis
506 1431 739 1463 recordationis
764 1437 905 1463 anteces-

169 1485 295 1518 soribus
321 1484 441 1517 nostris
460 1484 612 1516 Romanis
630 1484 837 1517 Pontificibus
855 1484 907 1517 Ni-

169 1538 260 1571 cotao
286 1537 322 1570 IV
346 1548 405 1580 pro
431 1538 598 1571 Tertiariis
617 1539 787 1581 utriusque
813 1549 906 1571 sexus

169 1596 201 1624 et
225 1591 458 1634 cuiuscumque
480 1596 588 1630 status,
603 1591 670 1624 sive
693 1592 904 1625 ecelesiastici

168 1644 235 1677 sive
266 1644 408 1683 laicalis,
442 1645 748 1687 quomodocumque
774 1645 805 1676 in
837 1655 905 1677 sae·

169 1698 241 1730 culo
269 1696 327 1729 sub
352 1697 486 1739 proprio
516 1702 599 1730 tecto
628 1708 663 1729 ac
693 1697 724 1729 in
754 1698 905 1740 coniugio

169 1749 240 1793 ipso
258 1749 462 1792 degentibus,
480 1760 530 1783 xri
546 1750 696 1782 kalendas
713 1751 905 1793 septembris

167 1811 344 1836 Meetxxxix
382 1803 608 1845 approbatam,
637 1814 653 1835 a
678 1803 844 1836 Clemente
869 1803 904 1844 Y,

169 1866 204 1889 ιιι
226 1855 383 1888 kalendas
399 1857 593 1899 septembris
609 1866 759 1895 iiicccvni,
776 1861 873 1899 atque
889 1868 905 1889 a

168 1908 324 1951 Gregorio
338 1908 386 1948 XI,
398 1919 454 1941 vui
473 1909 544 1941 idus
557 1908 709 1941 februarii
726 1919 904 1948 siccetxxu,

168 1961 305 2004 aliisque
324 1961 353 1993 in
377 1961 480 1994 forma
505 1962 654 2005 specifica
673 1962 905 2002 confirmatam,

167 2024 228 2047 nee
254 2024 318 2047 non
345 2025 406 2058 per
430 2015 572 2047 Leonem
599 2015 646 2054 X,
674 2026 731 2058 pro
758 2015 905 2058 personis

168 2066 229 2099 tria
252 2067 476 2100 substantialia
501 2074 573 2100 vota
600 2068 834 2107 emittentibus,
859 2079 907 2100 ac-

168 2120 402 2153 commodatam
428 2127 459 2153 et
484 2121 722 2162 appropriatam
741 2131 801 2163 per
818 2131 905 2163 quas-

168 2172 241 2205 dam
259 2182 332 2205 suas
351 2172 475 2205 litteras
494 2168 689 2215 incipientes
716 2173 807 2205 Inter
831 2178 908 2205 cele-

167 2236 232 2265 ras,
253 2229 311 2258 etc.
342 2226 401 2258 sub
427 2226 536 2258 datum
564 2226 683 2258 Itomae
708 2236 746 2258 xx
771 2225 905 2258 ianuarii

167 2280 287 2322 mnxxi)
314 2289 371 2311 nos
398 2280 504 2312 denuo
528 2280 748 2322 approban‘ius
777 2284 808 2311 et
833 2274 908 2311 edn-

168 2332 347 2371 firmamus,
370 2330 487 2374 atque⁹
513 2332 693 2374 apostolica
715 2331 907 2365 auctoritate

167 2392 360 2429 perpetuum
387 2384 549 2417 firmitatis
575 2386 676 2417 robur
696 2384 883 2417 adiicimus.

212 2438 272 2482 35.
291 2438 352 2471 Sed
372 2438 446 2481 quia
468 2438 583 2471 accidit
600 2438 686 2477 olim,
711 2443 741 2471 et
757 2449 819 2471 non
839 2438 907 2471 sine

0 2499 60 2518 'Mne
95 2490 267 2525 ‹inae-animi
294 2491 397 2524 nostri
433 2492 544 2524 dolore
578 2491 607 2523 in
642 2491 709 2524 dies
744 2491 839 2523 etiam
867 2491 908 2523 di-

0 2528 65 2550 inque
76 2527 160 2577 ᾞῡῖιιῗὲ
171 2545 306 2578 dicimus
332 2544 472 2587 evenire,
491 2551 524 2576 ut
546 2545 660 2577 fratres
680 2544 755 2577 dicti
770 2544 907 2585 Ordinis,

0 2553 40 2575 ue.

207 2616 217 2641 1
241 2615 344 2641 Forsan
363 2614 508 2649 legendum
529 2618 554 2641 et
571 2622 617 2649 pro
638 2617 669 2641 ut
688 2615 729 2648 (n.
751 2614 800 2649 r.).

205 2658 221 2686 2
242 2658 334 2685 Potius
355 2658 414 2694 lege
434 2659 518 2693 eique
539 2667 585 2693 pro
606 2661 689 2693 alque
710 2658 747 2694 (n.
769 2660 817 2691 T.).

952 324 1135 356 saeculares
1163 325 1363 366 praesertim,
1396 324 1532 357 ministri
1558 335 1690 367 genera·
1701 337 1801 367 reni-arii
1824 342 1886 366 pm-

952 376 990 408 lis
1016 376 1112 408 totius
1136 376 1263 409 Ordinis
1294 377 1475 417 Minorum,
1504 383 1535 410 et
1559 377 1690 420 provin·
1701 363 1885 419 gifflssiussssssffiii'ss’i

952 428 1078 461 cialium
1115 430 1315 471 respective,
1351 441 1489 473 quorum
1527 440 1622 462 curae
1659 419 1886 472 θῑῗὲιῗξῃιὲῗωῗὸἷὶ

952 481 1165 514 iuris-dictioni
1192 482 1273 514 baec
1290 482 1405 514 Sancta
1422 483 1522 515 Sedes
1541 494 1596 515 eos
1616 484 1686 515 suh·
1700 468 1882 516 ffssi'iiediiii'fffun

953 544 1020 566 esse
1061 534 1186 574 voluit,
1215 535 1435 567 obedientiam
1474 541 1506 567 et
1542 536 1690 577 regimen

953 586 1186 623 detrectantes,
1205 592 1235 619 et
1252 597 1316 619 non
1344 598 1478 630 parere,
1496 594 1531 619 ut
1549 588 1688 628 debent,

952 640 1008 672 sed
1035 639 1208 681 imperare,
1234 640 1319 682 quod
1347 650 1411 673 non
1438 647 1584 683 possunt,
1617 652 1689 675 sae-

952 692 1023 735 pius
1059 691 1263 731 affectantes,
1290 692 1398 724 omnia
1430 703 1547 736 susque
1582 693 1689 736 deque

952 749 1086 782 vertant,
1114 746 1326 788 regulamque
1351 745 1549 788 praedictam
1571 756 1606 778 ac
1627 751 1691 779 sta-

953 802 1028 836 tuta,
1054 802 1149 839 atque
1175 797 1255 829 adeo
1293 804 1480 830 nostrorum
1512 798 1608 830 etiam
1634 809 1692 831 an-

952 855 1152 883 tecessorum
1178 850 1437 891 constitutiones,
1457 851 1601 893 quamvis
1620 862 1692 885 con—

953 903 1048 936 traria
1075 903 1278 936 intendentes
1304 909 1398 946 atque
1423 904 1664 946 praecipientes
1681 932 1688 945 ‚

951 957 1117 989 inflectunt
1144 956 1176 988 in
1202 966 1316 989 sensus
1342 967 1437 996 suos,
1464 962 1491 989 et
1525 958 1690 991 multoties

951 1009 1130 1042 Ordinariis
1156 1011 1314 1048 locorum,
1340 1015 1394 1042 aut
1411 1011 1469 1041 sua
1494 1015 1621 1052 sponte,
1639 1016 1693 1042 aut

951 1062 989 1095 ad
1015 1072 1129 1095 eorum
1155 1063 1288 1094 fratrum
1313 1062 1543 1095 Tertiariorurn
1570 1064 1690 1095 instan-

953 1114 1038 1155 tiam,
1057 1115 1261 1147 mittentibus
1287 1121 1318 1148 et
1343 1115 1406 1158 quo
1433 1115 1590 1158 prohibiti
1617 1121 1692 1148 sunt

952 1167 1199 1200 extendentibus
1218 1179 1346 1201 manum
1364 1168 1396 1200 in
1415 1179 1479 1201 non
1498 1179 1587 1201 suam
1607 1169 1692 1202 lianc

951 1231 1109 1260 messem,
1134 1231 1194 1264 pro
1219 1222 1305 1254 bona
1332 1221 1435 1264 fruge,
1462 1232 1554 1265 quae,
1581 1227 1614 1254 ut
1637 1222 1692 1256 dc—

951 1274 1123 1307 sideranda
1148 1280 1210 1313 est,
1237 1274 1333 1306 etiam
1359 1275 1558 1317 expectanda
1584 1281 1690 1315 esset,

951 1327 1073 1359 zizania
1099 1327 1320 1360 tantummodo
1346 1328 1590 1370 producantur:
1617 1339 1691 1369 nos,

951 1380 1107 1413 memoria
1132 1381 1315 1413 recolentes
1336 1380 1475 1423 primum
1502 1381 1589 1414 bunc
1617 1381 1693 1414 Ter-

952 1433 985 1466 tii
1011 1433 1140 1466 Ordinis
1166 1438 1295 1472 statum,
1323 1433 1536 1466 saecularium
1572 1444 1691 1478 nempe

951 1487 1009 1519 sub
1034 1486 1170 1530 proprio
1195 1491 1278 1519 tecto
1303 1487 1508 1529 degentium,
1536 1487 1610 1520 dum
1644 1488 1694 1520 in-

950 1540 1069 1572 stitutis
1103 1540 1168 1572 suis
1194 1540 1388 1572 obedienter
1412 1540 1596 1579 insisteret,
1623 1551 1687 1573 non

951 1597 1073 1625 tantum
1116 1602 1230 1635 pravos
1274 1592 1468 1635 populorum
1510 1604 1618 1626 mores
1659 1593 1692 1626 in

951 1645 1066 1678 melius
1091 1645 1295 1684 resormasse,
1321 1646 1376 1678 sed
1398 1645 1494 1678 etiam
1512 1646 1691 1679 sanctitatis

950 1697 1100 1740 egregiae
1133 1697 1253 1729 fruetus
1280 1697 1466 1730 uberrimos
1497 1699 1690 1740 protulisse,

950 1750 1186 1793 cupientesque
1214 1750 1319 1793 ipsum
1345 1751 1382 1782 ad
1402 1751 1560 1793 pristinae
1585 1751 1694 1784 obser-

949 1803 1075 1836 vantiae
1102 1814 1198 1846 quein
1234 1803 1339 1835 tenuit
1363 1803 1487 1846 apicem
1515 1814 1689 1845 revocare,

951 1861 1041 1888 motu
1067 1855 1161 1887 simili
1189 1855 1293 1898 deque
1324 1856 1523 1898 apostolicae
1549 1862 1694 1899 potesta-

952 1909 990 1941 tis
1015 1908 1232 1952 plenitudine,
1263 1919 1376 1941 omnes
1403 1914 1433 1941 et
1468 1920 1715 1954 quascumque-

950 1962 1073 1995 litteras
1101 1962 1308 2004 apostolicas,
1333 1972 1394 2005 per
1415 1972 1493 2005 quas
1512 1963 1622 2006 aliqua
1639 1975 1693 1996 su-

950 2015 1134 2059 perioritas,
1171 2015 1429 2058 praeeminentia
1459 2021 1489 2049 et
1521 2017 1692 2050 auctoritas

951 2068 981 2099 in
1007 2068 1153 2100 eiusdem
1180 2068 1318 2100 instituti
1353 2068 1469 2100 fratres
1505 2074 1536 2101 et
1562 2079 1692 2103 sorores

951 2121 1105 2164 primario
1125 2121 1275 2154 ministro
1292 2121 1435 2164 generali
1455 2122 1621 2164 praedicto
1646 2128 1692 2157 to-

953 2174 1015 2206 tius
1041 2174 1170 2207 Ordinis
1195 2174 1352 2206 Minoruni
1378 2174 1515 2218 aliisque
1537 2177 1693 2209 secunda-

952 2226 1008 2259 riis
1029 2227 1258 2269 superioribus
1274 2227 1465 2260 conceditur
1479 2232 1509 2260 et
1531 2228 1691 2270 tribuitur,

952 2279 1174 2322 praesentium
1202 2283 1314 2312 tenore
1340 2290 1403 2312 non
1438 2281 1542 2313 solum
1574 2292 1692 2325 appro-

951 2333 1065 2364 bamus
1091 2337 1122 2365 et
1142 2332 1379 2372 confirmamus,
1405 2343 1516 2366 verum
1554 2340 1586 2366 et
1617 2345 1693 2368 eon-

952 2395 1044 2417 cessa
1072 2395 1272 2425 revocamus,
1309 2395 1345 2417 ae
1380 2385 1482 2418 robur
1514 2393 1692 2430 perpetuae

953 2437 1112 2470 firmitatis
1148 2437 1297 2471 obtinere
1330 2438 1447 2471 debere
1486 2439 1692 2474 decernimus

948 2495 984 2523 et
1009 2491 1206 2530 mandamus,
1233 2491 1401 2533 speciatim
1428 2503 1503 2524 vero
1541 2503 1621 2535 quae
1658 2493 1692 2526 in

952 2543 1069 2576 litteris
1088 2543 1265 2575 lnnoceritii
1287 2544 1388 2586 Papae
1410 2545 1445 2576 lV
1463 2545 1692 2587 incipientibus

956 2597 1034 2628 Vola
1065 2596 1265 2636 devotorum,
1291 2601 1369 2637 etc,
1401 2598 1459 2630 sub
1493 2598 1600 2630 datum
1634 2599 1692 2630 Lu-

991 2659 999 2684 l
1023 2657 1123 2693 Nempe
1144 2666 1317 2685 renovamus
1337 2659 1375 2694 (a.
1393 2660 1442 2692 T.).
