2170 3147
5 213 56 240 λη.
75 210 104 238 G.
121 209 187 237 1727

199 257 353 291 decessor
375 261 488 289 noster
522 255 676 294 indulsit,
703 254 788 297 quod
825 263 938 286 omnes

198 315 231 343 et
254 310 373 352 singuli
398 309 504 342 dictae
529 308 720 351 provinciae
754 307 938 339 Lusitaniae

198 363 412 405 professores,
434 371 515 403 quos
541 371 600 403 pro
625 366 770 402 tempore
797 359 938 392 existens

197 414 289 457 prior
325 412 487 456 generalis
523 412 653 445 Ordinis
686 411 871 444 huiusmodi
906 411 938 443 in

197 466 310 499 eadem
336 469 424 498 sacra
450 465 618 507 theologia
652 463 823 505 magistros
848 463 939 495 insti-

197 519 309 552 tuisset
333 525 364 551 et
396 524 560 558 creasset,
587 518 764 561 praefatam
794 517 937 549 lauream

197 573 404 611 doctoratus,
442 572 573 614 praevio
604 571 753 613 rigoroso
790 570 937 602 examine

196 635 304 658 coram
331 625 438 668 priore
458 624 601 667 generali
627 623 731 656 dictae
749 623 936 666 provinciae

196 678 379 710 Lusitaniae
397 683 428 709 et
445 683 583 720 quatuor
597 678 628 709 in
647 677 715 719 ipsa
736 678 826 708 sacra
844 676 938 708 tlieo-

196 730 284 773 logia
308 731 481 773 magistris,
506 731 572 763 sive
598 741 706 763 coram
726 736 854 762 rectore
872 730 938 761 col-

196 784 273 826 legii
306 783 572 816 Colinibricensis
600 783 730 816 Ordinis
757 783 934 826 praedicti,

197 847 233 869 ac
251 836 338 869 illius
360 837 551 879 regentibus
569 843 600 869 et
617 837 787 879 magistris,
805 846 935 868 sumere

197 891 353 929 valerent,
373 900 409 922 ac
434 890 572 923 subinde
597 891 704 923 simile
731 900 863 933 quoque
888 890 935 921 in—

197 943 320 975 dultum
335 944 486 975 fratribus
501 943 742 986 provinciarum
767 943 935 975 Babiensis

197 1000 228 1027 et
253 995 408 1028 Fluminis
434 995 572 1028 Ianuarii
606 996 719 1028 itidem
744 996 776 1028 in
802 996 936 1028 Brasitia

198 1048 275 1080 dicti
300 1048 430 1081 Ordinis
457 1049 634 1087 concessit,
660 1055 692 1081 et
717 1049 812 1087 alias,
840 1054 936 1091 prout

197 1102 229 1133 in
253 1101 339 1133 binis
371 1101 471 1144 ipsius
506 1101 689 1134 Innocentii
727 1102 867 1145 desuper
902 1102 933 1134 in

195 1155 265 1197 pari
301 1155 398 1194 etiam
424 1155 526 1187 forma
555 1155 667 1187 Brevis
693 1156 789 1188 editis
822 1166 859 1187 ac
885 1166 937 1187 su-

195 1206 350 1248 pradictis
364 1206 486 1239 Urbani
504 1208 797 1251 praedecessorum
810 1208 936 1249 litteris,

196 1270 333 1303 quarum
360 1266 491 1293 tenores
508 1261 738 1304 praesentibus
759 1272 818 1303 pro
840 1262 937 1304 plene

198 1318 230 1344 et
247 1312 446 1345 sufficienter
464 1314 626 1356 expressis
642 1314 755 1347 baberi
775 1315 936 1353 volumus,

201 1366 333 1398 uberius
358 1366 557 1399 continetur.

32 1427 113 1458 causae
127 1433 179 1467 ⁹1³⁰
243 1418 258 1461 §
283 1418 315 1450 2.
343 1418 419 1451 Cum
444 1425 565 1459 autem,
592 1419 676 1452 sicut
701 1420 815 1452 eadem
841 1431 938 1463 expo-

5 1457 69 1527 Ξέηιῖἒ
82 1457 273 1507 &litii-{sitio
298 1471 535 1514 subiungebat,
554 1472 693 1515 primuni
720 1483 756 1505 ex
783 1482 938 1506 memora-

6 1509 240 1555 dssiratimviefrississtis
267 1523 402 1556 indultis
428 1524 538 1557 favore
563 1526 783 1568 professorum
808 1526 939 1568 provin-

200 1577 268 1609 ciae
305 1577 490 1610 Lusitaniae
526 1579 741 1617 emanaverit,
773 1589 812 1611 eo
849 1579 937 1621 quod

198 1635 350 1662 enarrata
386 1631 555 1664 concessio
581 1643 598 1663 a
624 1638 801 1664 meinorato
839 1631 937 1665 Urba-

195 1691 237 1713 no
262 1682 326 1715 VIII
351 1684 606 1725 praedecessore
633 1684 678 1717 eis
716 1685 799 1716 sacta
825 1685 937 1717 suisset

196 1738 346 1777 tempore
382 1746 446 1778 quo
482 1747 538 1769 rex
574 1737 799 1780 Hispaniarum
839 1737 934 1770 etiam

195 1787 390 1820 Lusitaniam
417 1789 614 1831 possidebat,
637 1790 748 1833 sicque
775 1790 936 1832 religiosis

195 1847 263 1873 tum
287 1842 438 1885 Hispanis
472 1848 537 1875 tum
568 1843 727 1876 Lusitanis
754 1845 934 1887 praefatum

198 1895 371 1936 collegium
395 1895 629 1928 Salmaticense
650 1906 708 1939 pro
734 1898 937 1939 assequenda

198 1947 310 1978 laurea
334 1947 495 1980 doctorali
533 1948 676 1990 praefata
713 1949 806 1981 facile
847 1949 937 1982 adire

199 1998 338 2038 licebat;
361 2005 404 2039 at,
422 2001 579 2042 separatis
604 2002 808 2043 postmodnm
834 2002 938 2034 domi-

199 2050 271 2090 niis,
289 2051 374 2083 idem
401 2051 561 2084 indultum
587 2053 657 2085 sine
682 2055 748 2086 ullo
770 2053 884 2087 effectu
903 2066 939 2087 ac

200 2103 338 2136 utilitate
364 2110 565 2137 remanserat
590 2112 737 2147 respectu
771 2106 940 2139 Lusitano-

201 2166 282 2195 rum,
301 2157 418 2199 quibus
442 2163 580 2200 propter
599 2159 804 2191 immutatum
830 2170 939 2192 rerum

202 2214 320 2241 statum
354 2220 419 2242 non
444 2211 582 2252 amplius
608 2211 647 2243 ad
681 2212 799 2244 dictum
833 2213 937 2245 colle-

202 2262 289 2302 gium
320 2262 423 2295 libere
448 2263 603 2296 accedere
637 2264 830 2306 permissum
856 2265 938 2304 suit;

203 2320 234 2347 et
258 2315 395 2348 alterum
421 2316 581 2349 indultum
607 2317 794 2349 huiusmodi
820 2318 942 2360 proies-

202 2368 332 2400 soribus
356 2369 595 2412 praedictarum
613 2370 855 2412 provinciarum
881 2370 940 2403 Ba-

201 2421 325 2454 hiensis
363 2427 395 2455 et
428 2422 586 2455 Fluminis
625 2423 765 2455 Ianuarii
805 2430 942 2467 propter

201 2476 333 2508 nimiam
371 2485 482 2508 earum
517 2476 556 2508 ab
592 2475 721 2519 Europa
756 2477 939 2509 distantiam

202 2539 392 2562 concessum
426 2528 546 2568 suerit;
584 2528 671 2561 dicta
707 2539 785 2561 vero
821 2529 941 2562 vicaria

201 2580 405 2619 Maranionis,
425 2586 537 2623 utpote
558 2581 590 2612 in
611 2580 830 2613 remotissima
848 2586 939 2624 parte

289 2644 365 2670 L‘ull.
388 2644 472 2669 Rom.
491 2658 524 2662 -
546 2643 605 2669 Vol.
630 2642 723 2669 XXII*
870 2642 902 2668 73

800 204 993 229 BENEDICTUS
1018 204 1074 227 XIII
1099 203 1148 226 PP.

1620 190 1684 223 577
1730 199 1778 225 An.
1801 197 1914 225 c.1·127

982 257 1089 284 vastae
1125 250 1270 293 regionis
1311 249 1415 292 ipsius
1454 249 1609 282 Brasiliae
1644 248 1721 287 sita,

982 304 1112 346 longius
1138 313 1232 346 qnam
1257 303 1442 346 praedictae
1460 301 1646 345 provinciae
1664 302 1722 334 Ba-

981 356 1103 389 hiensis
1129 363 1161 389 et
1184 356 1342 389 Fluminis
1366 356 1506 389 Ianuarii
1535 356 1575 388 ab
1607 355 1722 388 eadem

981 409 1113 452 Europa
1137 409 1245 447 distet,
1273 419 1333 442 nec
1350 409 1460 451 regiae
1478 419 1585 448 naves,
1602 408 1722 451 quibus

982 461 1126 494 eiusdem
1147 461 1285 494 vicariae
1304 461 1449 504 religiosi
1467 462 1499 493 in
1523 460 1721 493 Lusitaniam

983 512 1208 546 transfretare¹
1233 515 1355 552 valeat,
1383 514 1422 547 eo
1447 523 1590 556 unquam
1612 514 1723 556 appel-

982 567 1066 598 lant:
1093 566 1186 598 nobis
1214 572 1390 608 propterea
1415 566 1492 598 dicti
1519 571 1720 609 exponentes

982 619 1153 651 humiliter
1188 619 1366 662 supplicari
1405 619 1555 651 fecerunt
1588 624 1623 650 ut
1657 618 1718 650 sibi

981 670 1013 702 in
1045 671 1230 713 praemissis
1261 677 1447 714 opportune
1483 671 1654 714 providere
1681 671 1720 703 de

981 724 1183 766 benignitate
1209 725 1388 767 apostolica
1406 724 1629 766 dignaremur.

1023 777 1037 819 ξ
1062 776 1094 810 3.
1113 777 1175 809 Nos
1196 777 1305 820 igitur,
1323 778 1411 820 ipsos
1429 783 1629 820 exponentes
1647 788 1721 820 spe-
1737 816 1743 829 ,
1772 784 1915 830 01¹³Yif’i>“⁵*³⁰

980 831 1115 864 cialibus
1151 831 1316 863 favoribus
1348 836 1380 863 et
1411 831 1524 873 gratiis
1563 816 1864 874 p1·03<3qujiti.'ia.³¹¹'¹¹
1885 816 1915 830 ω’

980 885 1139 920 volentes.
1162 889 1194 916 et
1218 895 1330 916 eorum
1357 884 1540 925 singulares
1561 894 1722 926 personas

980 948 996 968 a
1017 936 1185 979 quibusvis
1213 936 1555 969 excommunicationis
1586 946 1724 979 suspen-

980 989 1081 1022 sionis
1103 995 1136 1022 et
1164 989 1356 1028 interdicti,
1393 989 1530 1031 aliisque
1571 989 1723 1021 ecclesia-

979 1043 1068 1075 sticis
1102 1043 1293 1081 sententiis,
1333 1043 1479 1075 censuris
1518 1047 1550 1074 et
1590 1043 1722 1085 poenis⁷

980 1108 996 1128 a
1012 1096 1082 1128 inre
1107 1097 1156 1128 vel
1181 1096 1220 1128 ab
1240 1095 1385 1135 homine,
1407 1095 1519 1138 quavis
1549 1095 1723 1127 occasione

981 1150 1030 1181 vel
1058 1151 1156 1181 causa
1179 1150 1269 1188 latis,
1291 1149 1316 1181 si
1335 1148 1453 1191 quibus
1475 1148 1724 1191 quomodolibet

981 1202 1156 1234 innodatae
1182 1202 1324 1234 existunt
1346 1228 1353 1241 ,
1380 1202 1419 1233 ad
1444 1200 1593 1233 effectum
1629 1211 1724 1243 prae-

981 1256 1121 1288 sentium
1137 1256 1300 1287 dumtaxat
1313 1253 1591 1297 consequendum,
1606 1254 1723 1286 harum
1822 1267 1826 1283 r

982 1308 1067 1340 serie
1093 1308 1297 1340 absolventes
1322 1313 1355 1339 et
1379 1307 1544 1340 absolutas
1565 1307 1633 1339 sore
1651 1317 1724 1339 cen-

983 1367 1110 1401 sentes,
1137 1361 1324 1394 huiusmodi
1350 1359 1646 1402 supplicationibus
1675 1359 1723 1392 in-

983 1416 1114 1454 clinati,
1141 1415 1228 1458 quod
1255 1424 1368 1447 omnes
1394 1420 1426 1446 ct
1455 1413 1576 1455 singuli
1609 1413 1722 1445 fratres

981 1479 1135 1512 expresse
1160 1468 1296 1510 professi
1329 1467 1435 1499 dictae
1460 1466 1598 1498 vicariae
1623 1465 1723 1498 Mara-

982 1522 1098 1561 ni0nIs‚
1130 1532 1213 1565 quos
1248 1521 1385 1553 dilectus
1422 1519 1508 1552 silius
1545 1518 1722 1551 modernus

981 1585 1037 1608 seu
1062 1586 1121 1618 pro
1148 1582 1293 1618 tempore
1326 1573 1469 1605 existens
1502 1574 1594 1615 prior
1625 1582 1722 1614 gene-

980 1628 1056 1661 ralis
1081 1628 1210 1660 Ordinis
1237 1626 1395 1670 praedicti
1422 1626 1454 1658 in
1485 1626 1598 1658 eadem
1631 1628 1723 1658 sacra

982 1681 1149 1723 theologia
1189 1680 1380 1722 magistros,
1423 1678 1557 1711 servatis
1598 1678 1724 1721 pariter

980 1734 1166 1773 servandis,
1194 1732 1373 1765 instituerit.
1397 1737 1428 1765 et
1452 1731 1630 1771 creavcrit,
1657 1732 1724 1763 lau-

981 1798 1068 1819 ream
1095 1787 1291 1824 doctoratus,
1318 1784 1623 1828 praeviisrigoroso
1650 1794 1724 1815 exa-

980 1840 1067 1872 mine
1102 1850 1211 1873 coram
1243 1838 1361 1870 vicario
1394 1836 1584 1880 provinciali
1618 1836 1723 1868 dictae

981 1893 1116 1925 vicariae
1143 1898 1173 1925 et.
1198 1897 1337 1935 quatuor
1366 1890 1399 1921 in
1434 1892 1524 1922 sacra
1555 1889 1725 1930 theologia

981 1946 1141 1988 magistris
1159 1945 1225 1977 sive
1249 1943 1440 1986 regentibus
1459 1952 1496 1975 ac
1520 1942 1650 1975 illorum
1667 1952 1724 1984 ap-

982 1998 1193 2042 probatione,
1228 1996 1361 2030 servatis
1394 1995 1586 2038 ceteroquin
1613 1994 1725 2028 condi-

983 2053 1129 2084 tionibus
1142 2061 1201 2094 per
1216 2049 1467 2083 constitutiones
1483 2048 1613 2081 Ordinis
1630 2058 1724 2090 prae-

984 2105 1060 2137 dicti
1094 2102 1327 2147 praescriptis,
1359 2102 1399 2133 ab
1432 2101 1570 2143 ipsomet
1602 2101 1723 2133 vicario

983 2156 1175 2200 provinciali
1194 2155 1359 2198 suscipere
1374 2154 1476 2186 libere
1494 2158 1526 2185 et
1545 2153 1631 2186 licite
1649 2163 1725 2195 pos-

984 2210 1047 2241 sint
1072 2216 1104 2242 et
1127 2210 1271 2247 valeant,
1300 2207 1490 2239 anctoritate
1528 2205 1721 2249 apostolica,

985 2269 1098 2295 tenore
1122 2261 1363 2304 praesentium,
1381 2260 1587 2292 concedimus
1611 2259 1724 2291 simili-

985 2321 1032 2348 ter
1057 2321 1088 2347 et
1112 2315 1332 2356 indulgemus.

1028 2368 1098 2411 §6.
1132 2368 1375 2405 Decernentes,
1412 2365 1498 2409 ipsas
1535 2371 1725 2408 praesentes

984 2420 1108 2453 litteras
1134 2429 1267 2462 semper
1291 2417 1420 2458 sirmas,
1449 2418 1523 2450 etc.¹

1029 2473 1044 2515 ἓ
1069 2472 1100 2505 5.
1128 2471 1197 2504 Νοη
1218 2470 1422 2504 obstantibus
1439 2470 1727 2503 constitutionibus

1763 2367 1886 2389 Clausulfle.

1804 2472 1919 2497 Derogatio

1738 2501 1899 2520 conti-artetum.

1020 2544 1030 2569 1
1056 2542 1088 2569 Ut
1108 2549 1192 2576 supra
1211 2549 1274 2576 pag.
1293 2541 1342 2567 471
1365 2548 1384 2567 a
1401 2542 1441 2574 (a.
1458 2540 1507 2574 ix).

1019 2588 1035 2613 ⁶2
1055 2587 1122 2614 Male
1142 2585 1206 2613 edit.
1229 2585 1312 2612 Main.
1333 2585 1397 2620 legit
1417 2586 1594 2619 transfetare
1613 2586 1653 2618 (n.
1673 2585 1722 2614 ¹12),
