2170 3147
199 192 246 217 An.
263 191 291 216 C.
316 191 381 217 17Ξί

221 573 332 592 Clausulas
349 571 384 591 ‹le-

199 603 326 624 rl2ssd¹trl‹)‘.

229 1743 284 1763 aliae
302 1743 384 1763 clau-u-

429 182 470 216 80

393 240 482 273 illico
508 241 539 273 in
565 240 778 274 bibliothecis
809 240 1003 285 supradictis
1039 241 1140 273 collo-

395 299 523 333 centur,
550 304 609 326 nec
634 293 709 327 inde
735 294 793 326 sub
819 294 936 337 poenis
963 293 1140 337 praedictis

395 346 520 378 extrahi
547 347 596 379 vel
623 347 783 390 asportari
811 347 949 385 valeant,
975 346 1139 379 licentiam

398 405 429 433 et
452 400 648 439 facultatem,
667 399 858 432 auctoritate
884 401 1078 442 apostolica,
1101 404 1139 432 te-

396 464 477 486 nore
504 453 745 496 praesentium,
774 452 984 485 concedimus
1016 459 1048 485 et
1079 452 1138 485 im-

396 506 566 550 pertimur.

440 560 454 603 ὃ
472 559 503 592 4.
523 559 592 592 Non
606 559 810 592 obstantibus
825 559 1003 603 praedictis
1018 558 1138 591 Urbani

396 617 426 645 et
448 612 623 645 Alexandri
652 612 781 653 litteris,
801 623 845 652 ac,
866 617 1029 656 quatenus
1056 623 1138 655 opus

395 665 450 706 sit,
476 666 549 709 piae
575 665 751 698 memoriae
778 665 865 698 Pauli
893 665 915 697 Il
943 671 973 698 et
999 665 1138 699 aliorum

395 718 616 751 Romanorum
636 718 827 752 Pontificum
848 718 1139 762 praedecessorum

394 772 518 816 pariter
543 778 730 805 nostrorum
763 772 802 805 de
839 773 935 805 rebus
972 771 1139 805 Ecclesiae

394 836 460 859 non
486 825 676 867 alienandis,
693 826 828 870 aliisque
848 824 1138 859 constitutionibus

396 885 427 912 et
438 879 700 913 ordinationibus
712 880 911 923 apostolicis,
922 889 1052 912 necnon
1067 888 1141 911 con-

394 938 548 966 ventuum
565 938 596 966 et
613 933 743 966 Ordinis
768 932 1024 977 praedictorum,
1042 931 1138 964 etiam

395 986 591 1025 iuramento,
612 986 858 1019 confirmatione
880 984 1071 1029 apostolica,
1089 984 1139 1016 vel

396 1040 507 1083 quavis
534 1040 682 1072 firmitate
709 1040 771 1072 alia
791 1038 970 1077 roboratis,
997 1036 1139 1077 statutis,

395 1092 696 1132 consuetudinibus,
725 1091 905 1135 privilegiis
932 1100 1074 1134 quoque,
1094 1089 1141 1122 in·

397 1145 493 1178 dultis
520 1151 551 1178 ct
582 1145 698 1178 litteris
731 1143 922 1188 apostolicis
950 1143 981 1175 in
1008 1148 1137 1176 contra-

397 1199 479 1232 rium
507 1198 760 1242 praemissorum
787 1197 1038 1241 quomodolibet
1063 1206 1140 1229 con—

397 1253 507 1293 cessis,
534 1252 731 1285 conlirinatis
758 1258 789 1285 et
818 1251 995 1291 innovatis,
1023 1249 1140 1293 quibus

397 1307 549 1340 omnibus
583 1312 613 1339 et
645 1305 800 1348 singulis,
840 1305 969 1338 illorum
1010 1310 1140 1337 tenores

398 1359 624 1403 praesentibus
650 1369 708 1403 pro
735 1360 830 1402 plene
869 1364 901 1390 et
939 1357 1141 1389 sufficienter

397 1414 558 1457 expressis
585 1424 620 1446 ac
650 1414 688 1446 ad
712 1413 844 1446 verbum
864 1411 994 1444 insertis
1022 1411 1141 1444 haben-

397 1472 454 1508 tes,
470 1467 533 1500 illis
548 1467 625 1499 alias
643 1466 674 1498 iu
695 1477 752 1499 suo
771 1466 889 1498 robore
908 1465 1140 1508 permansuris,

397 1521 435 1554 ad
469 1520 723 1564 praemissorum
762 1518 937 1559 ellectum,
982 1519 1041 1550 hac
1073 1518 1140 1550 vice

397 1575 581 1613 dumtaxat,
615 1572 803 1617 specialiter
836 1577 866 1605 et
898 1581 1053 1614 expresse
1090 1571 1141 1603 de-

398 1637 572 1670 rogamus,
605 1626 788 1668 ceterisque
808 1624 981 1657 contrariis
1007 1623 1142 1667 quibus-

397 1691 547 1724 cumque.

440 1734 454 1777 §
479 1734 511 1766 5.
538 1733 692 1766 Volumus
719 1738 825 1765 autem
847 1738 881 1764 ut
900 1731 1059 1764 librorum
1087 1731 1142 1762 (lu-

397 1787 591 1830 plicatorum
629 1797 686 1819 scu
711 1786 952 1829 superfluorum
982 1784 1139 1825 venditio,

396 1840 674 1883 pecuniarumque
691 1839 764 1871 inde
784 1842 1052 1881 proventurarum
1070 1848 1142 1870 con-

395 1893 501 1926 versio
527 1891 731 1932 huiusmodi,
750 1891 847 1924 unico
874 1896 1025 1924 contextu
1049 1891 1139 1931 liant,

394 1946 442 1980 rel
471 1947 584 1980 saltem
618 1946 775 1989 pecuniae
808 1945 897 1988 ipsae
925 1955 1026 1988 penes
1052 1944 1141 1977 Mon-

395 2007 458 2033 tem
484 2000 623 2043 pictatis,
651 2004 706 2032 aut
731 2009 905 2042 personam
932 1998 994 2031 lide
1029 2003 1060 2031 ct
1096 1998 1140 2030 fa-

395 2053 568 2086 cultatibus
608 2052 758 2085 idoneam
801 2052 1020 2095 deponantur,
1062 2051 1138 2084 inde

396 2117 460 2140 non
494 2106 704 2145 amovendae,
737 2105 797 2138 nisi
824 2104 862 2138 ad
891 2104 1040 2138 ellectum
1066 2105 1137 2139 illas

394 2161 478 2194 sicut
502 2159 721 2203 praemittitur
746 2158 970 2192 convertendi.

440 2214 552 2246 Datum
578 2213 711 2253 Romae,
737 2212 820 2255 apud
839 2211 870 2245 S.
892 2211 1023 2244 Mariam
1041 2211 1138 2244 Maio—

396 2276 463 2300 rem
483 2294 490 2306 ,
518 2266 575 2299 sub
602 2267 725 2299 annulo
763 2265 950 2305 piscatoris,
987 2265 1039 2298 die
1081 2275 1160 2299 rur

396 2319 535 2362 augusti,
570 2328 749 2359 MDccxxiv‚
790 2318 1002 2362 pontilicatus
1037 2318 1136 2351 nostri

396 2383 482 2406 ἱίΠΠΟ
510 2383 531 2406 l-

431 2435 490 2462 Dat.
515 2435 558 2462 die
580 2434 595 2461 8
616 2435 725 2470 augusti
751 2434 827 2467 1724,
851 2434 948 2470 pontis.
972 2443 1043 2463 antio
1066 2442 1083 2461 r.

978 192 1159 216 BtLLAmt'x
1183 191 1338 217 ROMANL'M

1510 242 1600 276 XXV.

1185 313 1380 347 Conceditur
1404 314 1564 346 Ruthem‘s
1597 313 1639 346 ad
1671 313 1848 346 Ecclesiam
1877 323 1925 345 re-

1227 366 1400 399 deuntibus
1425 366 1564 409 facultas
1590 365 1806 409 recuperandi
1831 371 1860 399 et
1879 376 1925 398 re-

1229 419 1354 452 tinendi
1380 419 1462 451 bona
1486 419 1579 452 sua‘.

1365 496 1546 524 Benedictus
1568 497 1645 530 Papa
1667 497 1747 528 xm,

1315 541 1351 567 ad
1373 541 1509 567 futuram
1533 541 1579 567 roi
1606 541 1793 567 memoriam.

1228 611 1349 644 AEterni
1384 610 1564 654 pastoris'‚
1595 611 1648 654 qui
1674 611 1860 644 misericors
1893 616 1924 644 et

1184 665 1357 698 miserator
1386 665 1506 705 existit,
1545 664 1634 698 vices
1666 665 1742 699 licet
1773 665 1923 698 immeriti

1184 718 1214 750 in
1243 718 1336 750 terris
1362 723 1522 760 gerentes,
1550 717 1587 750 iis
1612 718 1720 759 etiam,
1755 717 1810 761 qui
1846 718 1924 751 l'oris

1183 776 1257 803 sunt
1282 776 1313 804 et
1338 781 1355 804 a
1381 772 1468 803 recta
1505 771 1568 804 lide
1593 771 1758 811 aberrant,
1795 770 1925 814 pietatis·

1184 829 1214 857 et
1239 820 1484 857 misericordiae
1510 824 1639 858 ianuam
1667 835 1863 865 reseramus,
1889 835 1925 857 ac

1184 888 1318 920 poenas,
1343 887 1422 920 quas
1447 877 1528 910 iuris
1555 877 1708 910 severitas
1733 878 1766 910 in
1792 888 1847 911 eos
1864 883 1926 911 sta-

1185 929 1255 969 tuit,
1282 930 1487 973 Apostolicae
1512 930 1604 963 Sedis
1628 930 1801 964 clementia
1825 930 1926 963 inter-

1185 983 1259 1016 dum
1285 983 1328 1017 ita
1355 989 1584 1027 temperamus,
1604 989 1640 1016 ut
1666 983 1813 1017 eiusdem
1833 983 1925 1016 Sedis

1184 1036 1385 1079 benignitate
1413 1036 1520 1069 allecti
1542 1037 1581 1069 ad
1599 1037 1795 1070 catholicam
1821 1036 1927 1069 Eccle-

1184 1090 1278 1128 siam,
1299 1095 1386 1122 extra
1409 1099 1504 1133 quam
1528 1100 1593 1122 non
1621 1096 1669 1123 est
1694 1091 1799 1130 salus,
1827 1089 1925 1122 redu-

1184 1148 1307 1183 cantur,
1327 1149 1357 1176 et
1378 1143 1506 1176 Christo
1534 1143 1677 1186 domino,
1696 1143 1749 1187 qui
1778 1153 1833 1176 eos
1851 1153 1925 1187 pro-

1184 1197 1255 1241 prio
1281 1196 1438 1239 sanguine
1460 1197 1640 1241 acquisivit,
1669 1197 1890 1231 restituantur.

1229 1252 1242 1294 ἓ
1268 1250 1298 1283 t.
1327 1250 1403 1283 Cum
1428 1250 1551 1293 itaque,
1571 1250 1654 1284 sicut
1679 1250 1814 1283 dilectus
1841 1249 1926 1283 lilius

1184 1303 1377 1336 Benedictus
1394 1303 1572 1344 FrulerieZ,
1586 1303 1764 1336 monachus
1775 1313 1926 1347 expresse

1185 1357 1351 1400 professus
1377 1362 1407 1390 et
1432 1362 1627 1400 procurator
1652 1356 1814 1400 generalis
1838 1356 1927 1390 Ordi-

1185 1411 1234 1444 nis
1260 1411 1493 1444 monachorum
1520 1410 1550 1443 S.
1579 1410 1686 1444 Basilii
1712 1410 1818 1453 Magni
1843 1410 1926 1443 ritus

1185 1464 1290 1507 graeci
1314 1464 1409 1504 uuiti,
1434 1465 1527 1498 nobis
1552 1475 1613 1508 pro
1640 1470 1731 1508 parte
1757 1463 1928 1497 venerabi-

1185 1519 1262 1551 lium
1290 1519 1424 1551 l'ratrum
1452 1518 1771 1562 archiepiscoporum
1798 1523 1830 1551 et
1859 1517 1928 1561 epi-

1185 1582 1359 1615 scoporum
1392 1572 1619 1605 Ruthenorum
1652 1581 1724 1604 cum
1750 1571 1780 1604 S.
1818 1571 1855 1604 R.
1889 1571 1923 1604 E.

1185 1625 1350 1658 unitorum
1376 1636 1480 1669 nuper
1502 1625 1617 1668 exponi
1644 1625 1728 1665 l'ecit,
1746 1625 1831 1658 inter
1848 1624 1927 1658 alias

1185 1689 1307 1719 causas,
1335 1689 1416 1722 quae
1435 1678 1659 1711 schismaticos
1679 1689 1696 1711 a
1709 1677 1927 1721 relinquendo

1185 1732 1358 1764 schismate
1385 1738 1415 1764 et
1445 1732 1669 1775 amplectenda
1706 1742 1777 1764 cum
1812 1731 1926 1764 eadem

1185 1785 1216 1818 S.
1234 1786 1269 1817 R.
1286 1785 1319 1817 E.
1342 1785 1460 1817 unione
1488 1786 1659 1817 retrabunt
1686 1796 1721 1817 ac
1747 1790 1925 1824 morantur,

1185 1850 1222 1872 ea
1261 1839 1456 1882 praecipuae
1494 1838 1534 1870 sit.
1571 1838 1753 1877 difficultas,
1790 1837 1925 1877 seilicet,

1185 1904 1279 1936 quam
1306 1893 1386 1924 uniti
1406 1892 1620 1935 experiuntur
1641 1892 1672 1924 in
1693 1891 1926 1935 recuperandis

1183 1947 1292 1985 bonis,
1332 1956 1414 1989 quac
1452 1951 1513 1978 tam
1551 1951 1624 1978 aute
1650 1945 1795 1978 schisma
1831 1956 1927 1988 quam

1185 2005 1329 2042 tempore
1365 1998 1549 2031 schismatis
1576 1998 1808 2041 possidebant,
1838 2003 1868 2031 et
1894 2004 1927 2031 ut

1183 2052 1359 2096 [utilimum
1382 2057 1542 2095 occupata
1559 2062 1595 2084 ac
1616 2052 1663 2084 eis
1682 2051 1842 2084 violenter
1855 2061 1926 2084 ere-

1183 2111 1238 2149 pta
1255 2111 1339 2145 sunt,
1359 2106 1479 2138 nedum
1500 2110 1573 2138 ante
1592 2106 1731 2148 lapsum,
1751 2105 1808 2138 sed
1830 2105 1925 2140 etiarn

1183 2165 1329 2203 tempore
1348 2160 1460 2202 lapsus
1483 2158 1513 2191 in
1535 2159 1678 2191 schisma
1704 2158 1924 2202 praedictum;

1183 2213 1381 2256 cupiantque
1422 2212 1664 2256 archiepiscopi
1705 2217 1736 2244 et
1777 2211 1923 2255 episcopi

1220 2330 1227 2354 l
1253 2327 1402 2354 Clementis
1423 2326 1454 2353 Xl
1476 2330 1562 2353 const.
1585 2326 1651 2353 edit.
1675 2332 1805 2360 unccxttt,
1826 2326 1869 2353 die
1893 2326 1924 2352 ¹6

1181 2372 1356 2408 septembris,
1384 2371 1481 2407 pontif.
1512 2377 1569 2405 xtu,
1602 2370 1744 2397 mandatur
1771 2369 1923 2397 Ordinariis

1180 2416 1386 2452 quamplurium
1408 2416 1549 2442 nationum
1570 2419 1596 2441 et
1615 2414 1789 2449 generalibus
1810 2413 1923 2449 religio-

1180 2470 1243 2487 num
1263 2464 1289 2487 et
1304 2460 1452 2491 Ordinum,
1474 2463 1502 2486 ut
1522 2458 1707 2487 commendari
1724 2463 1819 2486 curent
1839 2466 1924 2494 popu·

1156 2491 1159 2513 ¹
1179 2506 1212 2532 lis
1231 2504 1423 2532 christifideles
1442 2504 1551 2540 captivi.

1214 2550 1230 2576 2
1244 2549 1363 2576 Similem
1378 2549 1411 2576 de
1427 2548 1477 2577 hac
1488 2557 1517 2576 re
1530 2547 1588 2576 vide
1599 2551 1686 2576 const.
1703 2547 1852 2576 Innocentii
1863 2546 1921 2575 XIII

1179 2594 1206 2622 in
1227 2598 1292 2622 tom.
1314 2593 1457 2630 praeced„
1470 2601 1531 2629 pag.
1552 2593 1604 2621 956
1623 2592 1724 2628 (mr).

1936 195 1985 219 An.
2003 194 2029 218 tl.
2051 193 2118 221 1724

1962 624 2079 650 Expositio,

2007 1262 2117 1285 Concessio
2137 1275 2142 1278 ν

1937 1289 2055 1315 praedicta.
