2170 3147
222 200 269 226 An.
291 199 319 225 c.
340 198 406 225 1728
451 190 515 224 678

303 454 318 462 ,«
338 454 346 463 ,ι

294 475 351 491 uaste

239 457 242 464 ι

231 479 242 493 u
258 478 289 492 luo

239 2461 257 2500 ⁴¹,
284 2465 521 2529 *7¹¹¹*J'1'„','y¹,†ss?,²,['¹¹5¹¹¹⁷¹¹
563 2477 794 2510 iurisdictionis
840 2490 855 2510 a

292 2520 297 2554 ἶ
354 2526 357 2529 ’
377 2526 381 2528 ’
431 2529 618 2561 Tridentino
636 2530 803 2572 episcopis,
824 2532 866 2562 nti
893 2532 984 2563 Sedis
1004 2532 1168 2574 Apostoli-

417 254 536 281 statuta
561 248 762 290 singulorum
789 247 954 286 Ordinmn,
974 250 1006 279 et
1030 250 1157 289 aposto-

417 301 494 333 licas
520 299 787 333 constitutiones:

461 354 474 396 g
510 352 564 386 3⁶2.
597 353 713 386 Caveat
751 352 904 385 similiter
946 362 985 384 ne
1024 351 1159 394 deputet

355 399 584 449 ¹1‘stpraesides
620 406 860 449 capitulorum,
895 405 1082 448 superiores
1106 405 1157 437 vel

356 446 405 491 :ill-'f
417 458 606 498 abbatissas,
627 458 763 491 vicarios
784 459 832 491 vel
855 457 1002 497 vicarias,
1020 459 1068 490 vel
1087 467 1157 500 (pia-

418 513 606 555 lescumque
637 512 790 545 officiales
816 512 847 544 in
876 511 1082 544 monasteriis
1108 511 1157 544 vel

417 565 564 598 domibus
582 565 787 607 regularibus
810 564 990 607 utriusque,
1007 574 1102 596 sexus
1121 573 1156 595 ex

417 628 623 662 quocumque
644 619 746 659 titulo,
761 619 811 651 vel
832 619 952 658 colore,
967 617 1030 650 sive
1048 617 1159 650 incon-

416 671 623 711 venientium,
643 671 708 704 sive
727 670 943 710 dissidiorum,
960 669 1025 703 sive
1040 669 1159 702 discre-

417 725 544 767 pantiae
578 724 828 767 suffragiorum,
855 724 949 756 etiam
986 733 1044 766 per
1075 722 1157 754 viam

419 782 544 810 actuum
570 777 852 821 prorisionalium3
880 777 933 810 sed
961 776 1095 809 omnino
1124 775 1158 807 li-

418 830 516 864 berae
541 835 740 871 remaneant,
766 832 852 864 iuxta
878 840 1044 864 sacrorum
1071 838 1159 862 cano-

419 894 495 917 num
521 885 757 930 praescriptum
784 891 815 918 et
839 885 983 927 ipsorum
1002 883 1157 931 Ordinum

419 938 618 980 regularium
644 944 777 977 statuta,
804 937 981 971 electiones
1008 942 1040 969 et
1064 937 1159 979 depu-

420 990 559 1024 rationes
578 991 722 1024 omnium
749 992 969 1035 praelatorum
991 995 1021 1023 et
1043 988 1160 1022 officio-

420 1054 506 1076 rum:

464 1098 478 1140 ξ
503 1098 556 1131 33.
585 1098 696 1130 Itidem
724 1102 873 1141 nequeat,
898 1097 993 1130 etiam
1019 1106 1077 1140 per
1094 1106 1160 1129 mo-

302 1142 407 1205 w'fxi'ss
421 1151 495 1183 dum
515 1151 723 1194 provisionis,
741 1151 897 1193 deputare
919 1149 1102 1192 magistros
1121 1149 1161 1181 le-

420 1208 526 1236 ctores
545 1230 552 1243 ‚
578 1208 724 1236 rectores
749 1203 932 1235 studiorum
955 1229 960 1241 ,
996 1212 1102 1244 neque
1128 1201 1159 1233 in

420 1258 623 1299 possessione
643 1267 813 1289 munerum
831 1258 878 1289 vel
894 1255 1072 1288 officiorum
1090 1264 1161 1288 eon-

421 1309 548 1342 tirmare
575 1310 726 1352 eos,‹1ui‚
752 1309 842 1341 sinito
870 1315 1018 1351 tempore
1048 1319 1064 1340 a
1091 1318 1162 1341 con-

420 1363 642 1396 stitutionibus
663 1373 796 1395 suorum
818 1361 974 1395 Ordinum
1002 1361 1162 1404 praeseri-

421 1422 488 1459 pto,
516 1416 637 1448 debent
662 1416 717 1448 illa
742 1415 926 1454 dimittere,
949 1415 998 1447 vel
1030 1413 1083 1457 qui
1110 1424 1162 1446 re-

370 1498 378 1503 ,
420 1469 497 1502 moti
524 1480 540 1501 a
567 1468 721 1511 legitimis
758 1467 982 1511 superioribus
1021 1466 1159 1499 suerint:

421 1522 454 1555 in
479 1522 583 1554 causis
617 1526 721 1554 autem
760 1521 845 1554 inter
884 1521 1048 1564 regulares
1086 1530 1160 1553 vere

422 1575 644 1615 contentiosis,
666 1580 696 1607 ct
716 1574 747 1606 in
770 1574 886 1617 quibus
906 1584 975 1607 esse
994 1579 1102 1617 potest
1123 1573 1161 1606 de

422 1628 491 1660 iure
517 1628 607 1661 locus
645 1627 878 1671 appellationi,
904 1627 1033 1670 expleto
1067 1637 1161 1659 cursu

422 1679 532 1712 iudicii
559 1680 590 1712 in
617 1690 815 1723 unoquoque
834 1679 952 1712 Ordine
978 1679 1119 1722 regulari
1146 1690 1163 1711 a

424 1733 489 1766 suis
514 1732 799 1766 constitutionibus
825 1731 1015 1776 praefinito,
1041 1733 1066 1765 si
1094 1742 1163 1765 suc-

424 1787 615 1819 cumbentes
654 1787 809 1829 prosequi
851 1786 1048 1826 intendant,
1088 1792 1162 1819 tunc

424 1850 536 1873 causae
573 1840 610 1872 ad
649 1840 852 1883 praedictum
888 1839 1027 1872 iudicem
1060 1840 1162 1872 eccle-

425 1893 585 1926 siasticum
623 1893 857 1932 devolvantur,
891 1892 943 1935 qui
981 1892 1162 1935 procedere

426 1952 594 1983 tencatur,
630 1945 766 1978 servatis
804 1945 834 1977 in
873 1945 1023 1978 omnibus
1050 1951 1080 1977 ct
1105 1955 1186 1987 peri

427 2001 535 2032 omnia
553 1999 591 2031 iis
612 2009 693 2042 quae
711 2009 808 2041 supra
830 1999 936 2042 quoad
954 1998 1032 2031 alias
1051 2009 1163 2031 causas

427 2057 544 2084 statuta
563 2058 652 2084 sunt:
674 2052 716 2084 ita
736 2058 840 2084 tamen
860 2058 893 2083 ut
918 2052 951 2084 in
977 2052 1079 2084 causis
1098 2051 1164 2084 nul-
1185 2054 1187 2090 ζ

427 2106 524 2138 litatis
545 2105 770 2148 professionis,
786 2111 850 2138 tam
871 2110 945 2138 ante
971 2115 1066 2148 quam
1092 2110 1164 2148 post

428 2160 571 2202 elapsum
605 2159 839 2202 quinquennii.
872 2159 962 2191 nullo
999 2158 1095 2191 modo
1131 2169 1188 2200 se(

429 2213 632 2256 interponat,
652 2213 706 2245 sed
723 2212 795 2245 illae
814 2213 851 2245 ad
870 2223 1014 2245 normam
1031 2213 1165 2246 omnino

429 2276 592 2298 sacrorum
619 2275 777 2298 canonum
797 2272 828 2298 et
849 2266 929 2298 sacri
949 2265 1081 2299 Concilii
1099 2267 1166 2299 Tri-

431 2318 574 2358 dentini,
599 2319 742 2351 sessione
775 2330 830 2352 xxv
864 2319 907 2351 De
932 2319 1163 2362 ressulctrz'bzts,

430 2380 499 2414 cap.
520 2378 856 2415 xx1x‚cognoscautur
878 2378 909 2405 ct
935 2373 1165 2406 terminentur:

475 2424 489 2466 g
509 2424 561 2456 134.
580 2425 624 2456 Ad
645 2426 723 2457 liam:
743 2426 910 2467 delegatus
929 2436 991 2458 non
1011 2425 1167 2468 impediat

896 2489 986 2511 sacro
1023 2478 1166 2511 Concilio

433 2593 487 2614 «sav
515 2582 690 2623 delegatis,
725 2583 754 2614 iu
791 2590 955 2625 cxmnplos
983 2585 1166 2618 saeculares

994 195 1177 221 BULLARIUM
1202 195 1356 221 ROMANUM

1948 195 1995 222 An.
2017 195 2045 223 G.
2063 196 2126 228 ¹728

1202 245 1338 278 clericos
1373 244 1573 286 attributae,
1607 244 1788 278 facultatem
1834 248 1939 278 tamen

1203 297 1300 330 liabet
1326 297 1409 331 idem
1435 298 1531 331 iudex
1567 291 1805 331 ecclesiasticus
1829 307 1941 340 proce-

1203 350 1297 383 dendi
1332 351 1425 384 etiam
1461 351 1492 384 in
1518 352 1622 395 prima
1652 350 1805 384 instantia
1829 350 1859 383 in
1885 361 1941 384 eo-

1203 404 1348 436 rumdem
1373 404 1569 437 elericorum
1596 402 1808 436 saecularium
1839 413 1941 436 exem-

1202 461 1328 500 ptorum
1355 457 1459 489 causis
1482 462 1543 489 tam
1570 456 1717 489 civilibus
1751 466 1846 498 quam
1881 457 1941 489 cri-

1202 509 1384 549 minalibus,
1407 510 1610 552 easdemque,
1638 507 1716 541 iuris
1742 508 1858 541 ordine
1879 519 1942 542 ser-

1203 566 1296 601 vato,
1321 561 1540 605 cognoscendi
1576 571 1611 594 ac
1643 560 1824 601 iudicandi3
1852 565 1885 593 et
1907 560 1941 593 in

1202 624 1276 647 casu
1303 614 1537 658 appellationis
1561 625 1579 647 a
1604 614 1745 647 decretis
1778 607 1836 647 vel
1863 623 1939 647 sen--

1204 666 1311 700 tentiis
1326 667 1468 700 eiusdem
1486 666 1601 700 iudicis
1620 666 1770 709 delegati,
1790 666 1822 699 in
1843 666 1944 699 omni-

1202 719 1260 752 bus
1286 729 1323 752 ea
1347 725 1516 752 serventur
1541 729 1623 763 quae
1648 729 1745 763 supra
1771 718 1832 752 hac
1849 718 1888 752 de
1907 728 1941 751 re

1203 778 1320 805 statuta
1343 779 1429 805 sunt.

1246 827 1260 869 ξ
1285 826 1338 859 35.
1367 825 1478 864 Quoad
1513 826 1679 869 graviores
1711 825 1941 869 episcoporum
1954 837 2130 869 rie-gravioribus

1203 884 1234 911 et
1258 879 1579 922 archiepiscoporum
1606 889 1715 912 causas
1740 884 1887 912 servetur
1912 869 2113 913 O-cgggscfsporum

1204 932 1316 965 mnino
1346 933 1517 976 dispositio
1549 942 1711 965 sacrarum
1741 931 1943 965 constitutio-

1204 997 1279 1019 num
1295 991 1326 1019 et
1339 986 1420 1019 sacri
1439 986 1572 1020 Concilii
1590 984 1779 1027 Tridentini,
1794 984 1943 1018 sessione

1203 1050 1283 1080 xxiv,
1309 1050 1377 1083 cap.
1407 1050 1433 1080 v,
1461 1039 1507 1073 De
1530 1039 1773 1082 reformatione.
1801 1038 1835 1071 ln
1872 1038 1943 1072 aliis

1205 1104 1280 1126 vero
1307 1093 1487 1126 minorihus
1513 1098 1545 1126 et
1570 1092 1720 1126 civilibus
1756 1091 1884 1131 causis,
1913 1092 1944 1124 iu

1205 1147 1323 1190 quilius
1342 1147 1487 1190 episcopi
1515 1152 1569 1179 aut
1594 1145 1832 1189 archiepiscopi
1853 1145 1945 1188 regni

1205 1199 1331 1232 Siciliae
1354 1200 1439 1232 ultra
1465 1200 1618 1239 Pharum,
1642 1209 1703 1232 non
1731 1204 1870 1239 actores,
1887 1198 1945 1231 sed

1206 1253 1249 1285 rei
1276 1258 1360 1293 sunt,
1390 1254 1556 1296 delegatus
1583 1253 1630 1284 ius
1659 1252 1756 1285 habet
1780 1251 1945 1285 iudicandi
1969 1290 1971 1292 ,

1206 1307 1300 1339 etiam
1328 1307 1357 1339 in
1384 1307 1488 1350 prima
1527 1305 1698 1346 instantia,
1728 1305 1752 1338 si
1786 1315 1880 1338 causa
1905 1304 1946 1337 sit

1206 1360 1448 1403 archiepiscopi
1482 1361 1530 1392 vel
1569 1359 1714 1403 episcopi
1754 1358 1891 1402 exempti
1929 1368 1946 1392 a

1206 1413 1428 1446 iurisdictione
1455 1412 1710 1455 metropolitana
1740 1412 1794 1454 (et
1818 1411 1946 1454 signan-

1208 1473 1254 1500 ter
1280 1467 1387 1511 quoad
1425 1477 1539 1500 omnes
1572 1466 1604 1499 in
1635 1465 1739 1499 causis
1775 1464 1944 1498 solutionis

1206 1521 1401 1564 pensionum
1413 1520 1434 1563 ),
1461 1524 1492 1552 et
1517 1519 1548 1552 in
1574 1519 1715 1553 secunda
1741 1523 1866 1551 tantum
1890 1518 1942 1550 in-

1206 1573 1345 1613 stantia,
1373 1573 1398 1605 si
1423 1583 1520 1606 causa
1546 1573 1586 1605 sit
1612 1571 1758 1615 episcopi
1790 1570 1852 1604 iuri
1884 1581 1946 1604 me-

1207 1626 1393 1669 tropolitico
1420 1626 1574 1666 subiecti·‚
1596 1631 1671 1658 tunc
1689 1624 1823 1658 enimin
1841 1624 1946 1668 prima

1206 1680 1360 1713 instantia
1391 1691 1488 1713 causa
1523 1680 1562 1712 ab
1599 1679 1851 1723 archiepiscopo
1886 1677 1948 1711 erit

1207 1733 1393 1766 iudicanda:
1423 1734 1454 1766 in
1481 1744 1554 1766 casu
1587 1738 1692 1766 autem
1719 1731 1947 1776 appellationis

1207 1798 1223 1819 a
1250 1787 1369 1819 iudicio
1397 1787 1558 1829 delegati,
1585 1791 1756 1819 serventur
1780 1785 1889 1818 omnia
1914 1784 1946 1818 in

1207 1840 1428 1883 superioribus
1454 1840 1611 1883 deposita.

1252 1895 1265 1937 ἓ
1289 1893 1343 1927 36.
1371 1894 1527 1937 Denique,
1546 1900 1580 1925 ut
1605 1905 1664 1926 nos
1690 1893 1855 1936 nostrique
1880 1899 2014 1945 SUC'ffiJ-iff
2029 1897 2136 1946 ‘'Qffi‘e’sffl'

1208 1958 1353 1980 cessores
1391 1947 1526 1980 Romani
1563 1946 1736 1979 Pontifices
1773 1940 2136 2000 disti-temesgf³i·{,⁶',{²:„·';?;;·

1208 2001 1392 2034 curabimus
1418 2005 1568 2043 utsupra
1594 1999 1750 2042 disposita
1775 2009 1812 2031 ac
1832 2003 1949 2031 statuta
1974 1987 1993 1999 ὼ
2017 1984 2036 2004 '¹¹
2060 1994 2062 1997 ’
2131 1991 2136 1998 ’

1210 2053 1403 2086 adamussim
1430 2058 1611 2092 serventur,
1634 2062 1716 2095 quae
1742 2051 1804 2083 vim
1822 2055 1853 2084 et
1874 2049 1949 2084 ell'e-

1210 2111 1296 2139 ctum
1330 2105 1452 2138 habere
1489 2104 1684 2138 concordiae
1717 2103 1884 2136 statuimus
1917 2107 1949 2136 et

1210 2158 1440 2199 decernimus,
1474 2168 1532 2191 nec
1569 2157 1744 2201 quidquam
1777 2167 1793 2189 a
1828 2156 1947 2189 nostris

1211 2213 1367 2246 ministris
1394 2213 1453 2245 sub
1479 2212 1592 2255 quovis
1622 2214 1789 2255 praetextu
1817 2210 1866 2242 vel
1899 2219 1950 2242 co-

1211 2268 1279 2299 lore
1306 2270 1477 2309 peragatur
1503 2265 1588 2308 quod
1615 2263 1806 2297 eorumdem
1840 2263 1950 2295 obser·

1210 2320 1348 2353 varitiam
1381 2325 1412 2352 et
1444 2318 1666 2351 executionem
1705 2316 1872 2350 retardare
1899 2317 1948 2349 vel

1212 2373 1370 2417 impedire
1396 2373 1513 2415 possit,
1540 2372 1583 2404 ita
1603 2371 1707 2405 dictus
1726 2370 1820 2403 iudex
1846 2370 1950 2402 ecclc-

1212 2427 1360 2459 siastieus
1378 2426 1483 2458 nullas
1504 2425 1564 2457 sibi
1584 2429 1688 2457 sumat
1713 2428 1832 2466 partes,
1852 2422 1948 2456 etiam

1212 2489 1269 2521 per
1286 2479 1415 2511 moduni
1435 2477 1636 2521 provisionis,
1651 2478 1700 2510 vel
1715 2476 1774 2509 sub
1792 2475 1855 2509 alio
1874 2485 1950 2518 quo-

1211 2532 1257 2565 vis
1294 2537 1485 2575 praetextu,
1524 2536 1635 2563 contra
1672 2529 1893 2563 ordinationes
1918 2533 1949 2561 et

1212 2585 1371 2625 mandata,
1390 2595 1471 2627 quac
1499 2585 1547 2617 νο]
1568 2585 1677 2617 nostra
1696 2584 1743 2617 vel
1762 2587 1949 2616 nostrorum
