<?xml version="1.0" encoding="UTF-8"?>
<!DOCTYPE html PUBLIC "-//W3C//DTD XHTML 1.0 Transitional//EN"
    "http://www.w3.org/TR/xhtml1/DTD/xhtml1-transitional.dtd">
<html xmlns="http://www.w3.org/1999/xhtml" xml:lang="en" lang="en">
 <head>
  <title>
</title>
<meta http-equiv="Content-Type" content="text/html;charset=utf-8" />
  <meta name='ocr-system' content='tesseract 3.04.00' />
  <meta name='ocr-capabilities' content='ocr_page ocr_carea ocr_par ocr_line ocrx_word'/>
</head>
<body>
  <div class='ocr_page' id='page_1' title='image "./bullarumdiplomat22cath_0549.png"; bbox 0 0 2170 3147; ppageno 0'>
   <div class='ocr_carea' id='block_1_1' title="bbox 0 205 187 234">
    <p class='ocr_par' dir='ltr' id='par_1_1' title="bbox 0 205 187 234">
     <span class='ocr_line' id='line_1_1' title="bbox 0 205 187 234; baseline -0.005 0"><span class='ocrx_word' id='word_1_1' title='bbox 0 207 52 234; x_wconf 74' lang='lat' dir='ltr'>An.</span> <span class='ocrx_word' id='word_1_2' title='bbox 68 205 97 234; x_wconf 85' lang='lat' dir='ltr'>C.</span> <span class='ocrx_word' id='word_1_3' title='bbox 119 205 187 233; x_wconf 73' lang='lat'>1727</span> 
     </span>
    </p>
   </div>
   <div class='ocr_carea' id='block_1_2' title="bbox 0 1163 181 1243">
    <p class='ocr_par' dir='ltr' id='par_1_2' title="bbox 0 1163 181 1243">
     <span class='ocr_line' id='line_1_2' title="bbox 12 1163 181 1185; baseline -0.012 0"><span class='ocrx_word' id='word_1_4' title='bbox 12 1164 75 1185; x_wconf 74' lang='lat' dir='ltr'>Fides</span> <span class='ocrx_word' id='word_1_5' title='bbox 83 1163 181 1184; x_wconf 79' lang='lat' dir='ltr'>habenda</span> 
     </span>
     <span class='ocr_line' id='line_1_3' title="bbox 0 1191 180 1211; baseline -0.006 0"><span class='ocrx_word' id='word_1_6' title='bbox 0 1191 61 1211; x_wconf 71' lang='lat' dir='ltr'>huius</span> <span class='ocrx_word' id='word_1_7' title='bbox 79 1191 180 1210; x_wconf 70' lang='lat' dir='ltr'>constitu·</span> 
     </span>
     <span class='ocr_line' id='line_1_4' title="bbox 0 1217 181 1243; baseline 0.006 -5"><span class='ocrx_word' id='word_1_8' title='bbox 0 1218 61 1238; x_wconf 72' lang='lat' dir='ltr'>tionis</span> <span class='ocrx_word' id='word_1_9' title='bbox 71 1217 181 1243; x_wconf 56' lang='lat' dir='ltr'>exemplis.</span> 
     </span>
    </p>
   </div>
   <div class='ocr_carea' id='block_1_3' title="bbox 784 207 1137 232">
    <p class='ocr_par' dir='ltr' id='par_1_3' title="bbox 784 207 1137 232">
     <span class='ocr_line' id='line_1_5' title="bbox 784 207 1137 232; baseline -0.006 0"><span class='ocrx_word' id='word_1_10' title='bbox 784 207 980 232; x_wconf 71' lang='lat' dir='ltr'>BENEDICTUS</span> <span class='ocrx_word' id='word_1_11' title='bbox 1006 207 1062 231; x_wconf 82' lang='lat' dir='ltr'>xm</span> <span class='ocrx_word' id='word_1_12' title='bbox 1089 207 1137 230; x_wconf 71' lang='lat' dir='ltr'>Pr.</span> 
     </span>
    </p>
   </div>
   <div class='ocr_carea' id='block_1_4' title="bbox 190 255 934 1143">
    <p class='ocr_par' dir='ltr' id='par_1_4' title="bbox 190 255 934 1143">
     <span class='ocr_line' id='line_1_6' title="bbox 194 255 932 299; baseline 0.001 -12"><span class='ocrx_word' id='word_1_13' title='bbox 194 255 383 298; x_wconf 83' lang='lat' dir='ltr'>apostolicis</span> <span class='ocrx_word' id='word_1_14' title='bbox 407 261 438 288; x_wconf 90' lang='lat' dir='ltr'>et</span> <span class='ocrx_word' id='word_1_15' title='bbox 469 256 501 287; x_wconf 92' lang='lat' dir='ltr'>in</span> <span class='ocrx_word' id='word_1_16' title='bbox 532 255 768 288; x_wconf 86' lang='lat' dir='ltr'>universalibus</span> <span class='ocrx_word' id='word_1_17' title='bbox 801 256 932 299; x_wconf 89' lang='lat' dir='ltr'>provin-</span> 
     </span>
     <span class='ocr_line' id='line_1_7' title="bbox 194 307 932 350; baseline 0 -10"><span class='ocrx_word' id='word_1_18' title='bbox 194 307 391 350; x_wconf 80' lang='lat' dir='ltr'>cialibusque</span> <span class='ocrx_word' id='word_1_19' title='bbox 417 312 448 340; x_wconf 87' lang='lat' dir='ltr'>ct</span> <span class='ocrx_word' id='word_1_20' title='bbox 472 308 681 350; x_wconf 74' lang='lat' dir='ltr'>synodalibus</span> <span class='ocrx_word' id='word_1_21' title='bbox 700 309 847 341; x_wconf 87' lang='lat' dir='ltr'>conciliis</span> <span class='ocrx_word' id='word_1_22' title='bbox 867 308 932 341; x_wconf 90' lang='lat' dir='ltr'>cdi-</span> 
     </span>
     <span class='ocr_line' id='line_1_8' title="bbox 195 360 933 404; baseline 0 -12"><span class='ocrx_word' id='word_1_23' title='bbox 195 360 242 400; x_wconf 90' lang='lat' dir='ltr'>tis,</span> <span class='ocrx_word' id='word_1_24' title='bbox 258 361 467 402; x_wconf 73' lang='lat' dir='ltr'>generalibus</span> <span class='ocrx_word' id='word_1_25' title='bbox 494 362 544 393; x_wconf 87' lang='lat' dir='ltr'>vel</span> <span class='ocrx_word' id='word_1_26' title='bbox 570 361 786 404; x_wconf 80' lang='lat' dir='ltr'>specialibus,</span> <span class='ocrx_word' id='word_1_27' title='bbox 814 361 933 393; x_wconf 83' lang='lat' dir='ltr'>consti-</span> 
     </span>
     <span class='ocr_line' id='line_1_9' title="bbox 193 413 932 456; baseline 0.001 -11"><span class='ocrx_word' id='word_1_28' title='bbox 193 413 370 445; x_wconf 86' lang='lat' dir='ltr'>tutionibus</span> <span class='ocrx_word' id='word_1_29' title='bbox 385 419 416 445; x_wconf 89' lang='lat' dir='ltr'>et</span> <span class='ocrx_word' id='word_1_30' title='bbox 427 413 700 452; x_wconf 75' lang='lat' dir='ltr'>ordinationibus,</span> <span class='ocrx_word' id='word_1_31' title='bbox 715 424 839 447; x_wconf 80' lang='lat' dir='ltr'>necnon</span> <span class='ocrx_word' id='word_1_32' title='bbox 856 425 932 456; x_wconf 83' lang='lat' dir='ltr'>qua-</span> 
     </span>
     <span class='ocr_line' id='line_1_10' title="bbox 192 465 932 505; baseline -0.001 -7"><span class='ocrx_word' id='word_1_33' title='bbox 192 466 312 498; x_wconf 89' lang='lat' dir='ltr'>rumvis</span> <span class='ocrx_word' id='word_1_34' title='bbox 338 466 576 505; x_wconf 86' lang='lat' dir='ltr'>ecclesiarum,</span> <span class='ocrx_word' id='word_1_35' title='bbox 604 466 700 499; x_wconf 85' lang='lat' dir='ltr'>etiam</span> <span class='ocrx_word' id='word_1_36' title='bbox 727 465 932 505; x_wconf 80' lang='lat' dir='ltr'>iuramento,</span> 
     </span>
     <span class='ocr_line' id='line_1_11' title="bbox 191 518 931 562; baseline 0.001 -12"><span class='ocrx_word' id='word_1_37' title='bbox 191 518 439 552; x_wconf 79' lang='lat' dir='ltr'>confirmatione</span> <span class='ocrx_word' id='word_1_38' title='bbox 476 519 684 562; x_wconf 75' lang='lat' dir='ltr'>apostolica,</span> <span class='ocrx_word' id='word_1_39' title='bbox 725 524 778 551; x_wconf 92' lang='lat' dir='ltr'>aut</span> <span class='ocrx_word' id='word_1_40' title='bbox 818 518 931 561; x_wconf 79' lang='lat' dir='ltr'>quavis</span> 
     </span>
     <span class='ocr_line' id='line_1_12' title="bbox 191 570 933 610; baseline 0 -6"><span class='ocrx_word' id='word_1_41' title='bbox 191 570 342 604; x_wconf 81' lang='lat' dir='ltr'>firmitate</span> <span class='ocrx_word' id='word_1_42' title='bbox 384 572 446 604; x_wconf 74' lang='lat' dir='ltr'>alia</span> <span class='ocrx_word' id='word_1_43' title='bbox 489 571 653 604; x_wconf 88' lang='lat' dir='ltr'>roboratis</span> <span class='ocrx_word' id='word_1_44' title='bbox 683 599 690 610; x_wconf 86' lang='lat'>,</span> <span class='ocrx_word' id='word_1_45' title='bbox 730 571 858 604; x_wconf 90' lang='lat' dir='ltr'>statutis</span> <span class='ocrx_word' id='word_1_46' title='bbox 902 576 933 604; x_wconf 89' lang='lat' dir='ltr'>et</span> 
     </span>
     <span class='ocr_line' id='line_1_13' title="bbox 192 624 934 667; baseline 0 -11"><span class='ocrx_word' id='word_1_47' title='bbox 192 624 492 664; x_wconf 86' lang='lat' dir='ltr'>consuetudinibus,</span> <span class='ocrx_word' id='word_1_48' title='bbox 520 624 702 667; x_wconf 83' lang='lat' dir='ltr'>privilegiis</span> <span class='ocrx_word' id='word_1_49' title='bbox 729 634 871 667; x_wconf 83' lang='lat' dir='ltr'>quoqne,</span> <span class='ocrx_word' id='word_1_50' title='bbox 890 624 934 656; x_wconf 92' lang='lat' dir='ltr'>in-</span> 
     </span>
     <span class='ocr_line' id='line_1_14' title="bbox 192 677 932 720; baseline 0 -11"><span class='ocrx_word' id='word_1_51' title='bbox 192 677 292 710; x_wconf 88' lang='lat' dir='ltr'>dultis</span> <span class='ocrx_word' id='word_1_52' title='bbox 317 682 347 710; x_wconf 88' lang='lat' dir='ltr'>et</span> <span class='ocrx_word' id='word_1_53' title='bbox 371 677 489 710; x_wconf 90' lang='lat' dir='ltr'>litteris</span> <span class='ocrx_word' id='word_1_54' title='bbox 528 677 739 720; x_wconf 85' lang='lat' dir='ltr'>apostolicis,</span> <span class='ocrx_word' id='word_1_55' title='bbox 767 677 932 720; x_wconf 77' lang='lat' dir='ltr'>quibusvis</span> 
     </span>
     <span class='ocr_line' id='line_1_15' title="bbox 192 729 932 772; baseline 0 -10"><span class='ocrx_word' id='word_1_56' title='bbox 192 729 337 763; x_wconf 86' lang='lat' dir='ltr'>ecclesiis</span> <span class='ocrx_word' id='word_1_57' title='bbox 355 736 386 763; x_wconf 92' lang='lat' dir='ltr'>et</span> <span class='ocrx_word' id='word_1_58' title='bbox 400 730 550 772; x_wconf 81' lang='lat' dir='ltr'>personis</span> <span class='ocrx_word' id='word_1_59' title='bbox 566 730 597 762; x_wconf 93' lang='lat' dir='ltr'>in</span> <span class='ocrx_word' id='word_1_60' title='bbox 618 730 816 763; x_wconf 88' lang='lat' dir='ltr'>contrarium</span> <span class='ocrx_word' id='word_1_61' title='bbox 843 740 932 772; x_wconf 61' lang='lat' dir='ltr'>prae&lt;</span> 
     </span>
     <span class='ocr_line' id='line_1_16' title="bbox 192 782 931 826; baseline -0.001 -11"><span class='ocrx_word' id='word_1_62' title='bbox 192 783 361 816; x_wconf 89' lang='lat' dir='ltr'>missorum</span> <span class='ocrx_word' id='word_1_63' title='bbox 385 783 631 826; x_wconf 75' lang='lat' dir='ltr'>quomodolibet</span> <span class='ocrx_word' id='word_1_64' title='bbox 647 782 831 822; x_wconf 79' lang='lat' dir='ltr'>concessis,</span> <span class='ocrx_word' id='word_1_65' title='bbox 855 793 931 815; x_wconf 90' lang='lat' dir='ltr'>con-</span> 
     </span>
     <span class='ocr_line' id='line_1_17' title="bbox 192 834 932 879; baseline 0.001 -12"><span class='ocrx_word' id='word_1_66' title='bbox 192 834 324 868; x_wconf 78' lang='lat' dir='ltr'>firmatis</span> <span class='ocrx_word' id='word_1_67' title='bbox 356 841 388 869; x_wconf 86' lang='lat' dir='ltr'>et</span> <span class='ocrx_word' id='word_1_68' title='bbox 420 835 600 876; x_wconf 86' lang='lat' dir='ltr'>innovatis;</span> <span class='ocrx_word' id='word_1_69' title='bbox 632 836 750 879; x_wconf 85' lang='lat' dir='ltr'>quibus</span> <span class='ocrx_word' id='word_1_70' title='bbox 783 835 932 869; x_wconf 87' lang='lat' dir='ltr'>omnibus</span> 
     </span>
     <span class='ocr_line' id='line_1_18' title="bbox 191 887 933 932; baseline 0 -12"><span class='ocrx_word' id='word_1_71' title='bbox 191 893 223 920; x_wconf 89' lang='lat' dir='ltr'>et</span> <span class='ocrx_word' id='word_1_72' title='bbox 239 887 385 931; x_wconf 83' lang='lat' dir='ltr'>singulis,</span> <span class='ocrx_word' id='word_1_73' title='bbox 402 888 534 921; x_wconf 89' lang='lat' dir='ltr'>illorum</span> <span class='ocrx_word' id='word_1_74' title='bbox 552 894 684 921; x_wconf 89' lang='lat' dir='ltr'>tenores</span> <span class='ocrx_word' id='word_1_75' title='bbox 709 887 933 932; x_wconf 87' lang='lat' dir='ltr'>praesentibus</span> 
     </span>
     <span class='ocr_line' id='line_1_19' title="bbox 190 940 933 984; baseline 0 -12"><span class='ocrx_word' id='word_1_76' title='bbox 190 951 251 983; x_wconf 88' lang='lat' dir='ltr'>pro</span> <span class='ocrx_word' id='word_1_77' title='bbox 281 941 445 984; x_wconf 77' lang='lat' dir='ltr'>expressis</span> <span class='ocrx_word' id='word_1_78' title='bbox 471 941 643 981; x_wconf 80' lang='lat' dir='ltr'>habentes,</span> <span class='ocrx_word' id='word_1_79' title='bbox 668 941 707 974; x_wconf 86' lang='lat' dir='ltr'>ad</span> <span class='ocrx_word' id='word_1_80' title='bbox 733 940 933 984; x_wconf 82' lang='lat' dir='ltr'>praemisso-</span> 
     </span>
     <span class='ocr_line' id='line_1_20' title="bbox 191 993 931 1037; baseline -0.001 -11"><span class='ocrx_word' id='word_1_81' title='bbox 191 1004 261 1026; x_wconf 86' lang='lat' dir='ltr'>rum</span> <span class='ocrx_word' id='word_1_82' title='bbox 289 993 460 1034; x_wconf 76' lang='lat' dir='ltr'>effectum,</span> <span class='ocrx_word' id='word_1_83' title='bbox 489 994 675 1037; x_wconf 85' lang='lat' dir='ltr'>specialiter</span> <span class='ocrx_word' id='word_1_84' title='bbox 710 999 742 1026; x_wconf 88' lang='lat' dir='ltr'>et</span> <span class='ocrx_word' id='word_1_85' title='bbox 777 1003 931 1036; x_wconf 75' lang='lat' dir='ltr'>expresse</span> 
     </span>
     <span class='ocr_line' id='line_1_21' title="bbox 192 1046 932 1090; baseline -0.003 -11"><span class='ocrx_word' id='word_1_86' title='bbox 192 1046 408 1089; x_wconf 81' lang='lat' dir='ltr'>derogamus;</span> <span class='ocrx_word' id='word_1_87' title='bbox 443 1047 626 1090; x_wconf 87' lang='lat' dir='ltr'>ceterisque</span> <span class='ocrx_word' id='word_1_88' title='bbox 660 1047 833 1080; x_wconf 75' lang='lat' dir='ltr'>contrariis</span> <span class='ocrx_word' id='word_1_89' title='bbox 863 1046 932 1089; x_wconf 90' lang='lat' dir='ltr'>qui-</span> 
     </span>
     <span class='ocr_line' id='line_1_22' title="bbox 191 1100 407 1143; baseline 0 -11"><span class='ocrx_word' id='word_1_90' title='bbox 191 1100 407 1143; x_wconf 90' lang='lat' dir='ltr'>buscumque.</span> 
     </span>
    </p>
   </div>
   <div class='ocr_carea' id='block_1_5' title="bbox 235 1152 955 1196">
    <p class='ocr_par' dir='ltr' id='par_1_5' title="bbox 235 1152 955 1196">
     <span class='ocr_line' id='line_1_23' title="bbox 235 1152 955 1196; baseline 0.003 -11"><span class='ocrx_word' id='word_1_91' title='bbox 235 1153 250 1196; x_wconf 59' lang='grc' dir='ltr'><em>ξ</em></span> <span class='ocrx_word' id='word_1_92' title='bbox 273 1152 306 1185; x_wconf 70' lang='grc'>4.</span> <span class='ocrx_word' id='word_1_93' title='bbox 333 1152 488 1186; x_wconf 81' lang='lat' dir='ltr'>Volumus</span> <span class='ocrx_word' id='word_1_94' title='bbox 514 1158 620 1185; x_wconf 88' lang='lat' dir='ltr'>autem</span> <span class='ocrx_word' id='word_1_95' title='bbox 639 1180 646 1192; x_wconf 84' lang='lat'>,</span> <span class='ocrx_word' id='word_1_96' title='bbox 674 1158 704 1185; x_wconf 89' lang='lat' dir='ltr'>et</span> <span class='ocrx_word' id='word_1_97' title='bbox 731 1152 802 1195; x_wconf 88' lang='lat' dir='ltr'>pari</span> <span class='ocrx_word' id='word_1_98' title='bbox 840 1158 930 1185; x_wconf 89' lang='lat' dir='ltr'>motu</span> <span class='ocrx_word' id='word_1_99' title='bbox 953 1182 955 1187; x_wconf 76' lang='grc'><strong><em>,</em></strong></span> 
     </span>
    </p>
   </div>
   <div class='ocr_carea' id='block_1_6' title="bbox 190 1205 933 1609">
    <p class='ocr_par' dir='ltr' id='par_1_6' title="bbox 190 1205 933 1609">
     <span class='ocr_line' id='line_1_24' title="bbox 193 1205 932 1249; baseline 0.003 -13"><span class='ocrx_word' id='word_1_100' title='bbox 193 1210 226 1237; x_wconf 87' lang='lat' dir='ltr'>et</span> <span class='ocrx_word' id='word_1_101' title='bbox 245 1206 435 1239; x_wconf 86' lang='lat' dir='ltr'>anctoritate</span> <span class='ocrx_word' id='word_1_102' title='bbox 461 1207 674 1246; x_wconf 87' lang='lat' dir='ltr'>decernimus,</span> <span class='ocrx_word' id='word_1_103' title='bbox 689 1212 731 1246; x_wconf 84' lang='lat' dir='ltr'>ut,</span> <span class='ocrx_word' id='word_1_104' title='bbox 750 1206 803 1249; x_wconf 91' lang='lat' dir='ltr'>qui</span> <span class='ocrx_word' id='word_1_105' title='bbox 824 1206 854 1238; x_wconf 93' lang='lat' dir='ltr'>in</span> <span class='ocrx_word' id='word_1_106' title='bbox 871 1205 932 1239; x_wconf 82' lang='lat' dir='ltr'>Ro-</span> 
     </span>
     <span class='ocr_line' id='line_1_25' title="bbox 192 1259 933 1303; baseline 0 -12"><span class='ocrx_word' id='word_1_107' title='bbox 192 1261 285 1291; x_wconf 71' lang='lat' dir='ltr'>mana</span> <span class='ocrx_word' id='word_1_108' title='bbox 309 1259 402 1292; x_wconf 79' lang='lat' dir='ltr'>Curia</span> <span class='ocrx_word' id='word_1_109' title='bbox 427 1265 501 1292; x_wconf 89' lang='lat' dir='ltr'>sunt</span> <span class='ocrx_word' id='word_1_110' title='bbox 518 1265 717 1303; x_wconf 79' lang='lat' dir='ltr'>praesentes,</span> <span class='ocrx_word' id='word_1_111' title='bbox 735 1259 836 1302; x_wconf 86' lang='lat' dir='ltr'>lapsis</span> <span class='ocrx_word' id='word_1_112' title='bbox 854 1259 933 1292; x_wconf 89' lang='lat' dir='ltr'>duo-</span> 
     </span>
     <span class='ocr_line' id='line_1_26' title="bbox 191 1309 931 1353; baseline 0 -12"><span class='ocrx_word' id='word_1_113' title='bbox 191 1309 265 1350; x_wconf 86' lang='lat' dir='ltr'>bus,</span> <span class='ocrx_word' id='word_1_114' title='bbox 285 1310 338 1353; x_wconf 83' lang='lat' dir='ltr'>qui</span> <span class='ocrx_word' id='word_1_115' title='bbox 363 1321 440 1343; x_wconf 88' lang='lat' dir='ltr'>vero</span> <span class='ocrx_word' id='word_1_116' title='bbox 468 1311 553 1343; x_wconf 89' lang='lat' dir='ltr'>circa</span> <span class='ocrx_word' id='word_1_117' title='bbox 570 1315 708 1349; x_wconf 85' lang='lat' dir='ltr'>montes,</span> <span class='ocrx_word' id='word_1_118' title='bbox 728 1315 813 1350; x_wconf 80' lang='lat' dir='ltr'>octo,</span> <span class='ocrx_word' id='word_1_119' title='bbox 828 1314 861 1342; x_wconf 85' lang='lat' dir='ltr'>et</span> <span class='ocrx_word' id='word_1_120' title='bbox 879 1309 931 1352; x_wconf 85' lang='lat' dir='ltr'>qui</span> 
     </span>
     <span class='ocr_line' id='line_1_27' title="bbox 190 1363 931 1407; baseline 0 -12"><span class='ocrx_word' id='word_1_121' title='bbox 190 1364 275 1396; x_wconf 86' lang='lat' dir='ltr'>ultra</span> <span class='ocrx_word' id='word_1_122' title='bbox 300 1364 421 1407; x_wconf 90' lang='lat' dir='ltr'>ubique</span> <span class='ocrx_word' id='word_1_123' title='bbox 446 1365 592 1397; x_wconf 90' lang='lat' dir='ltr'>locorum</span> <span class='ocrx_word' id='word_1_124' title='bbox 611 1364 740 1407; x_wconf 77' lang='lat' dir='ltr'>degant,</span> <span class='ocrx_word' id='word_1_125' title='bbox 760 1363 931 1396; x_wconf 77' lang='lat' dir='ltr'>duodecim</span> 
     </span>
     <span class='ocr_line' id='line_1_28' title="bbox 191 1416 931 1460; baseline -0.001 -12"><span class='ocrx_word' id='word_1_126' title='bbox 191 1416 359 1448; x_wconf 84' lang='lat' dir='ltr'>mensibus</span> <span class='ocrx_word' id='word_1_127' title='bbox 385 1417 510 1460; x_wconf 80' lang='lat' dir='ltr'>integre</span> <span class='ocrx_word' id='word_1_128' title='bbox 536 1416 688 1454; x_wconf 78' lang='lat' dir='ltr'>excursis,</span> <span class='ocrx_word' id='word_1_129' title='bbox 714 1417 762 1449; x_wconf 89' lang='lat' dir='ltr'>vel</span> <span class='ocrx_word' id='word_1_130' title='bbox 781 1416 859 1449; x_wconf 69' lang='lat' dir='ltr'>alias</span> <span class='ocrx_word' id='word_1_131' title='bbox 878 1416 931 1448; x_wconf 89' lang='lat' dir='ltr'>ubi</span> 
     </span>
     <span class='ocr_line' id='line_1_29' title="bbox 192 1469 933 1503; baseline 0 -2"><span class='ocrx_word' id='word_1_132' title='bbox 192 1469 353 1502; x_wconf 87' lang='lat' dir='ltr'>venalium</span> <span class='ocrx_word' id='word_1_133' title='bbox 381 1469 475 1502; x_wconf 86' lang='lat' dir='ltr'>huius</span> <span class='ocrx_word' id='word_1_134' title='bbox 512 1470 761 1503; x_wconf 84' lang='lat' dir='ltr'>caeremonialis</span> <span class='ocrx_word' id='word_1_135' title='bbox 799 1469 933 1502; x_wconf 86' lang='lat' dir='ltr'>volumi-</span> 
     </span>
     <span class='ocr_line' id='line_1_30' title="bbox 192 1522 931 1561; baseline 0 -7"><span class='ocrx_word' id='word_1_136' title='bbox 192 1532 268 1555; x_wconf 89' lang='lat' dir='ltr'>num</span> <span class='ocrx_word' id='word_1_137' title='bbox 293 1522 441 1555; x_wconf 81' lang='lat' dir='ltr'>notitiam</span> <span class='ocrx_word' id='word_1_138' title='bbox 467 1528 499 1555; x_wconf 89' lang='lat' dir='ltr'>et</span> <span class='ocrx_word' id='word_1_139' title='bbox 525 1523 706 1556; x_wconf 69' lang='lat' dir='ltr'>facultatem</span> <span class='ocrx_word' id='word_1_140' title='bbox 732 1522 931 1561; x_wconf 84' lang='lat' dir='ltr'>habuerint,</span> 
     </span>
     <span class='ocr_line' id='line_1_31' title="bbox 191 1575 931 1609; baseline 0.001 -2"><span class='ocrx_word' id='word_1_141' title='bbox 191 1584 297 1607; x_wconf 86' lang='lat' dir='ltr'>sacras</span> <span class='ocrx_word' id='word_1_142' title='bbox 323 1575 539 1608; x_wconf 88' lang='lat' dir='ltr'>caerimonias</span> <span class='ocrx_word' id='word_1_143' title='bbox 571 1582 601 1609; x_wconf 91' lang='lat' dir='ltr'>et</span> <span class='ocrx_word' id='word_1_144' title='bbox 638 1576 716 1608; x_wconf 87' lang='lat' dir='ltr'>ritus</span> <span class='ocrx_word' id='word_1_145' title='bbox 749 1576 780 1608; x_wconf 92' lang='lat' dir='ltr'>in</span> <span class='ocrx_word' id='word_1_146' title='bbox 819 1576 931 1608; x_wconf 86' lang='lat' dir='ltr'>eodem</span> 
     </span>
    </p>
   </div>
   <div class='ocr_carea' id='block_1_7' title="bbox 192 1628 956 1672">
    <p class='ocr_par' dir='ltr' id='par_1_7' title="bbox 192 1628 956 1672">
     <span class='ocr_line' id='line_1_32' title="bbox 192 1628 956 1672; baseline 0 -12"><span class='ocrx_word' id='word_1_147' title='bbox 192 1628 422 1661; x_wconf 81' lang='lat' dir='ltr'>caeremoniali</span> <span class='ocrx_word' id='word_1_148' title='bbox 455 1630 675 1672; x_wconf 83' lang='lat' dir='ltr'>praescriptos</span> <span class='ocrx_word' id='word_1_149' title='bbox 692 1657 699 1667; x_wconf 92' lang='lat'>‚</span> <span class='ocrx_word' id='word_1_150' title='bbox 734 1629 821 1661; x_wconf 79' lang='lat' dir='ltr'>iuxta</span> <span class='ocrx_word' id='word_1_151' title='bbox 848 1629 956 1670; x_wconf 70' lang='lat' dir='ltr'>iuius;</span> 
     </span>
    </p>
   </div>
   <div class='ocr_carea' id='block_1_8' title="bbox 191 1681 934 2520">
    <p class='ocr_par' dir='ltr' id='par_1_8' title="bbox 191 1681 934 2300">
     <span class='ocr_line' id='line_1_33' title="bbox 191 1681 931 1724; baseline 0.001 -12"><span class='ocrx_word' id='word_1_152' title='bbox 191 1681 325 1713; x_wconf 86' lang='lat' dir='ltr'>modum</span> <span class='ocrx_word' id='word_1_153' title='bbox 352 1686 382 1713; x_wconf 90' lang='lat' dir='ltr'>et</span> <span class='ocrx_word' id='word_1_154' title='bbox 417 1692 565 1714; x_wconf 89' lang='lat' dir='ltr'>normam</span> <span class='ocrx_word' id='word_1_155' title='bbox 600 1682 631 1713; x_wconf 91' lang='lat' dir='ltr'>in</span> <span class='ocrx_word' id='word_1_156' title='bbox 670 1681 931 1724; x_wconf 82' lang='lat' dir='ltr'>quibuscumque</span> 
     </span>
     <span class='ocr_line' id='line_1_34' title="bbox 191 1733 930 1773; baseline 0 -8"><span class='ocrx_word' id='word_1_157' title='bbox 191 1733 315 1766; x_wconf 85' lang='lat' dir='ltr'>actibus</span> <span class='ocrx_word' id='word_1_158' title='bbox 330 1744 483 1767; x_wconf 81' lang='lat' dir='ltr'>exercere</span> <span class='ocrx_word' id='word_1_159' title='bbox 502 1740 534 1767; x_wconf 89' lang='lat' dir='ltr'>et</span> <span class='ocrx_word' id='word_1_160' title='bbox 551 1734 722 1767; x_wconf 86' lang='lat' dir='ltr'>observare</span> <span class='ocrx_word' id='word_1_161' title='bbox 742 1739 930 1773; x_wconf 86' lang='lat' dir='ltr'>teneantur·,</span> 
     </span>
     <span class='ocr_line' id='line_1_35' title="bbox 192 1787 932 1832; baseline 0.001 -13"><span class='ocrx_word' id='word_1_162' title='bbox 192 1787 345 1830; x_wconf 88' lang='lat' dir='ltr'>quodque</span> <span class='ocrx_word' id='word_1_163' title='bbox 372 1789 558 1821; x_wconf 85' lang='lat' dir='ltr'>earumdem</span> <span class='ocrx_word' id='word_1_164' title='bbox 589 1788 812 1832; x_wconf 82' lang='lat' dir='ltr'>praesentium</span> <span class='ocrx_word' id='word_1_165' title='bbox 847 1789 932 1820; x_wconf 86' lang='lat' dir='ltr'>litte-</span> 
     </span>
     <span class='ocr_line' id='line_1_36' title="bbox 191 1841 932 1885; baseline 0 -12"><span class='ocrx_word' id='word_1_166' title='bbox 191 1850 300 1873; x_wconf 84' lang='lat' dir='ltr'>rarum</span> <span class='ocrx_word' id='word_1_167' title='bbox 334 1842 492 1884; x_wconf 68' lang='lat' dir='ltr'>exemplis</span> <span class='ocrx_word' id='word_1_168' title='bbox 525 1851 623 1874; x_wconf 89' lang='lat' dir='ltr'>manu</span> <span class='ocrx_word' id='word_1_169' title='bbox 654 1841 772 1874; x_wconf 86' lang='lat' dir='ltr'>notarii</span> <span class='ocrx_word' id='word_1_170' title='bbox 810 1841 932 1885; x_wconf 82' lang='lat' dir='ltr'>publici</span> 
     </span>
     <span class='ocr_line' id='line_1_37' title="bbox 193 1893 932 1938; baseline 0.003 -13"><span class='ocrx_word' id='word_1_171' title='bbox 193 1893 396 1937; x_wconf 79' lang='lat' dir='ltr'>subscriptiS,</span> <span class='ocrx_word' id='word_1_172' title='bbox 422 1900 454 1926; x_wconf 89' lang='lat' dir='ltr'>et</span> <span class='ocrx_word' id='word_1_173' title='bbox 478 1894 585 1937; x_wconf 81' lang='lat' dir='ltr'>sigillo</span> <span class='ocrx_word' id='word_1_174' title='bbox 611 1894 747 1927; x_wconf 88' lang='lat' dir='ltr'>alicuius</span> <span class='ocrx_word' id='word_1_175' title='bbox 773 1904 932 1938; x_wconf 81' lang='lat' dir='ltr'>personae</span> 
     </span>
     <span class='ocr_line' id='line_1_38' title="bbox 192 1946 933 1989; baseline 0 -10"><span class='ocrx_word' id='word_1_176' title='bbox 192 1946 224 1979; x_wconf 88' lang='lat' dir='ltr'>in</span> <span class='ocrx_word' id='word_1_177' title='bbox 243 1947 401 1989; x_wconf 81' lang='lat' dir='ltr'>dignitate</span> <span class='ocrx_word' id='word_1_178' title='bbox 429 1948 647 1980; x_wconf 79' lang='lat' dir='ltr'>ecclesiastica</span> <span class='ocrx_word' id='word_1_179' title='bbox 664 1948 861 1981; x_wconf 82' lang='lat' dir='ltr'>constitutae</span> <span class='ocrx_word' id='word_1_180' title='bbox 881 1954 933 1980; x_wconf 87' lang='lat' dir='ltr'>aut</span> 
     </span>
     <span class='ocr_line' id='line_1_39' title="bbox 193 2000 934 2044; baseline 0.001 -12"><span class='ocrx_word' id='word_1_181' title='bbox 193 2000 281 2033; x_wconf 88' lang='lat' dir='ltr'>illius</span> <span class='ocrx_word' id='word_1_182' title='bbox 300 2001 413 2033; x_wconf 86' lang='lat' dir='ltr'>Curiae</span> <span class='ocrx_word' id='word_1_183' title='bbox 436 2001 580 2040; x_wconf 89' lang='lat' dir='ltr'>munitis,</span> <span class='ocrx_word' id='word_1_184' title='bbox 609 2003 657 2034; x_wconf 89' lang='lat' dir='ltr'>vel</span> <span class='ocrx_word' id='word_1_185' title='bbox 684 2002 716 2034; x_wconf 91' lang='lat' dir='ltr'>in</span> <span class='ocrx_word' id='word_1_186' title='bbox 743 2002 822 2044; x_wconf 87' lang='lat' dir='ltr'>ipsis</span> <span class='ocrx_word' id='word_1_187' title='bbox 849 2003 934 2035; x_wconf 83' lang='lat' dir='ltr'>volu-</span> 
     </span>
     <span class='ocr_line' id='line_1_40' title="bbox 195 2053 933 2099; baseline 0.005 -14"><span class='ocrx_word' id='word_1_188' title='bbox 195 2053 335 2087; x_wconf 88' lang='lat' dir='ltr'>minibus</span> <span class='ocrx_word' id='word_1_189' title='bbox 360 2056 482 2098; x_wconf 84' lang='lat' dir='ltr'>absque</span> <span class='ocrx_word' id='word_1_190' title='bbox 507 2056 653 2098; x_wconf 84' lang='lat' dir='ltr'>praesato</span> <span class='ocrx_word' id='word_1_191' title='bbox 678 2057 727 2088; x_wconf 85' lang='lat' dir='ltr'>vel</span> <span class='ocrx_word' id='word_1_192' title='bbox 755 2056 818 2089; x_wconf 87' lang='lat' dir='ltr'>alio</span> <span class='ocrx_word' id='word_1_193' title='bbox 857 2067 933 2099; x_wconf 85' lang='lat' dir='ltr'>quo-</span> 
     </span>
     <span class='ocr_line' id='line_1_41' title="bbox 193 2107 933 2151; baseline 0.004 -13"><span class='ocrx_word' id='word_1_194' title='bbox 193 2107 279 2149; x_wconf 87' lang='lat' dir='ltr'>piam</span> <span class='ocrx_word' id='word_1_195' title='bbox 303 2107 499 2140; x_wconf 84' lang='lat' dir='ltr'>adminiculo</span> <span class='ocrx_word' id='word_1_196' title='bbox 525 2107 646 2141; x_wconf 84' lang='lat' dir='ltr'>Romae</span> <span class='ocrx_word' id='word_1_197' title='bbox 673 2108 854 2151; x_wconf 69' lang='lat' dir='ltr'>impressis,</span> <span class='ocrx_word' id='word_1_198' title='bbox 881 2119 933 2141; x_wconf 88' lang='lat' dir='ltr'>ea-</span> 
     </span>
     <span class='ocr_line' id='line_1_42' title="bbox 194 2159 933 2204; baseline 0.003 -12"><span class='ocrx_word' id='word_1_199' title='bbox 194 2159 266 2193; x_wconf 89' lang='lat' dir='ltr'>dem</span> <span class='ocrx_word' id='word_1_200' title='bbox 293 2160 413 2203; x_wconf 88' lang='lat' dir='ltr'>ubique</span> <span class='ocrx_word' id='word_1_201' title='bbox 438 2161 584 2194; x_wconf 89' lang='lat' dir='ltr'>locorum</span> <span class='ocrx_word' id='word_1_202' title='bbox 611 2166 642 2194; x_wconf 92' lang='lat' dir='ltr'>et</span> <span class='ocrx_word' id='word_1_203' title='bbox 676 2161 818 2204; x_wconf 79' lang='lat' dir='ltr'>gentium</span> <span class='ocrx_word' id='word_1_204' title='bbox 854 2161 933 2194; x_wconf 83' lang='lat' dir='ltr'>sides</span> 
     </span>
     <span class='ocr_line' id='line_1_43' title="bbox 193 2212 933 2257; baseline 0.001 -12"><span class='ocrx_word' id='word_1_205' title='bbox 193 2212 396 2253; x_wconf 83' lang='lat' dir='ltr'>adhibeatur,</span> <span class='ocrx_word' id='word_1_206' title='bbox 412 2224 493 2256; x_wconf 86' lang='lat' dir='ltr'>quae</span> <span class='ocrx_word' id='word_1_207' title='bbox 508 2214 732 2256; x_wconf 87' lang='lat' dir='ltr'>praesentibus</span> <span class='ocrx_word' id='word_1_208' title='bbox 747 2214 824 2257; x_wconf 90' lang='lat' dir='ltr'>ipsis</span> <span class='ocrx_word' id='word_1_209' title='bbox 844 2214 933 2247; x_wconf 88' lang='lat' dir='ltr'>adhi-</span> 
     </span>
     <span class='ocr_line' id='line_1_44' title="bbox 193 2265 931 2300; baseline 0.001 -2"><span class='ocrx_word' id='word_1_210' title='bbox 193 2265 324 2299; x_wconf 87' lang='lat' dir='ltr'>beretur</span> <span class='ocrx_word' id='word_1_211' title='bbox 342 2266 367 2299; x_wconf 89' lang='lat' dir='ltr'>si</span> <span class='ocrx_word' id='word_1_212' title='bbox 389 2272 499 2299; x_wconf 84' lang='lat' dir='ltr'>essent</span> <span class='ocrx_word' id='word_1_213' title='bbox 517 2266 680 2299; x_wconf 71' lang='lat' dir='ltr'>exhibitae</span> <span class='ocrx_word' id='word_1_214' title='bbox 699 2268 747 2299; x_wconf 89' lang='lat' dir='ltr'>vel</span> <span class='ocrx_word' id='word_1_215' title='bbox 767 2274 931 2300; x_wconf 81' lang='lat' dir='ltr'>ostensae.</span> 
     </span>
    </p>

    <p class='ocr_par' dir='ltr' id='par_1_9' title="bbox 193 2316 933 2466">
     <span class='ocr_line' id='line_1_45' title="bbox 237 2316 933 2360; baseline 0.001 -11"><span class='ocrx_word' id='word_1_216' title='bbox 237 2316 349 2350; x_wconf 88' lang='lat' dir='ltr'>Datum</span> <span class='ocrx_word' id='word_1_217' title='bbox 365 2316 590 2360; x_wconf 84' lang='lat' dir='ltr'>Romae,apud</span> <span class='ocrx_word' id='word_1_218' title='bbox 606 2317 637 2349; x_wconf 88' lang='lat' dir='ltr'>S.</span> <span class='ocrx_word' id='word_1_219' title='bbox 651 2317 790 2357; x_wconf 83' lang='lat' dir='ltr'>Petrum,</span> <span class='ocrx_word' id='word_1_220' title='bbox 803 2317 862 2349; x_wconf 90' lang='lat' dir='ltr'>sub</span> <span class='ocrx_word' id='word_1_221' title='bbox 882 2328 933 2350; x_wconf 86' lang='lat' dir='ltr'>an-</span> 
     </span>
     <span class='ocr_line' id='line_1_46' title="bbox 193 2369 931 2412; baseline 0.003 -10"><span class='ocrx_word' id='word_1_222' title='bbox 193 2370 271 2403; x_wconf 92' lang='lat' dir='ltr'>nulo</span> <span class='ocrx_word' id='word_1_223' title='bbox 297 2369 484 2410; x_wconf 78' lang='lat' dir='ltr'>piscatoris,</span> <span class='ocrx_word' id='word_1_224' title='bbox 504 2369 555 2403; x_wconf 92' lang='lat' dir='ltr'>die</span> <span class='ocrx_word' id='word_1_225' title='bbox 570 2379 611 2403; x_wconf 84' lang='lat' dir='ltr'>v11</span> <span class='ocrx_word' id='word_1_226' title='bbox 625 2369 730 2402; x_wconf 86' lang='lat' dir='ltr'>martii</span> <span class='ocrx_word' id='word_1_227' title='bbox 745 2379 931 2412; x_wconf 77' lang='lat' dir='ltr'>moccxxvu‚</span> 
     </span>
     <span class='ocr_line' id='line_1_47' title="bbox 193 2422 716 2466; baseline -0.002 -10"><span class='ocrx_word' id='word_1_228' title='bbox 193 2422 402 2466; x_wconf 85' lang='lat' dir='ltr'>pontificatus</span> <span class='ocrx_word' id='word_1_229' title='bbox 428 2423 530 2456; x_wconf 87' lang='lat' dir='ltr'>nostri</span> <span class='ocrx_word' id='word_1_230' title='bbox 557 2433 643 2455; x_wconf 82' lang='lat' dir='ltr'>anno</span> <span class='ocrx_word' id='word_1_231' title='bbox 669 2432 716 2456; x_wconf 84' lang='lat' dir='ltr'>ui.</span> 
     </span>
    </p>

    <p class='ocr_par' dir='ltr' id='par_1_10' title="bbox 229 2484 858 2520">
     <span class='ocr_line' id='line_1_48' title="bbox 229 2484 858 2520; baseline 0 -9"><span class='ocrx_word' id='word_1_232' title='bbox 229 2485 287 2512; x_wconf 81' lang='lat' dir='ltr'>Dat.</span> <span class='ocrx_word' id='word_1_233' title='bbox 308 2486 352 2511; x_wconf 86' lang='lat' dir='ltr'>die</span> <span class='ocrx_word' id='word_1_234' title='bbox 372 2485 387 2511; x_wconf 92' lang='lat'><strong>7</strong></span> <span class='ocrx_word' id='word_1_235' title='bbox 408 2484 497 2512; x_wconf 85' lang='lat' dir='ltr'>martii</span> <span class='ocrx_word' id='word_1_236' title='bbox 520 2485 600 2519; x_wconf 69' lang='lat'><strong>1727,</strong></span> <span class='ocrx_word' id='word_1_237' title='bbox 618 2485 715 2520; x_wconf 82' lang='lat' dir='ltr'>pontis.</span> <span class='ocrx_word' id='word_1_238' title='bbox 734 2493 806 2512; x_wconf 84' lang='lat' dir='ltr'>anno</span> <span class='ocrx_word' id='word_1_239' title='bbox 827 2492 858 2512; x_wconf 75' lang='grc' dir='ltr'>ιιι</span> 
     </span>
    </p>
   </div>
   <div class='ocr_carea' id='block_1_9' title="bbox 482 2578 649 2582">
    <p class='ocr_par' dir='ltr' id='par_1_11' title="bbox 482 2578 649 2582">
     <span class='ocr_line' id='line_1_49' title="bbox 482 2578 649 2582; baseline 0 0"><span class='ocrx_word' id='word_1_240' title='bbox 482 2578 649 2582; x_wconf 95' lang='lat' dir='ltr'> </span> 
     </span>
    </p>
   </div>
   <div class='ocr_carea' id='block_1_10' title="bbox 955 834 957 2626">
    <p class='ocr_par' dir='ltr' id='par_1_12' title="bbox 955 834 957 2626">
     <span class='ocr_line' id='line_1_50' title="bbox 955 834 957 2626; baseline 0 0"><span class='ocrx_word' id='word_1_241' title='bbox 955 834 957 2626; x_wconf 95' lang='lat' dir='ltr'> </span> 
     </span>
    </p>
   </div>
   <div class='ocr_carea' id='block_1_11' title="bbox 1277 195 1746 313">
    <p class='ocr_par' dir='ltr' id='par_1_13' title="bbox 1277 195 1746 313">
     <span class='ocr_line' id='line_1_51' title="bbox 1619 195 1746 230; baseline 0.024 -3"><span class='ocrx_word' id='word_1_242' title='bbox 1619 195 1683 228; x_wconf 82' lang='lat'>509</span> <span class='ocrx_word' id='word_1_243' title='bbox 1729 204 1746 230; x_wconf 79' lang='grc' dir='ltr'><strong>Α</strong></span> 
     </span>
     <span class='ocr_line' id='line_1_52' title="bbox 1277 280 1418 313; baseline -0.007 0"><span class='ocrx_word' id='word_1_244' title='bbox 1277 280 1418 313; x_wconf 86' lang='lat' dir='ltr'>CLXXII.</span> 
     </span>
    </p>
   </div>
   <div class='ocr_carea' id='block_1_12' title="bbox 974 366 1722 559">
    <p class='ocr_par' dir='ltr' id='par_1_14' title="bbox 974 366 1722 559">
     <span class='ocr_line' id='line_1_53' title="bbox 974 366 1722 410; baseline -0.003 -11"><span class='ocrx_word' id='word_1_245' title='bbox 974 368 1126 410; x_wconf 71' lang='lat' dir='ltr'>Eriqitur</span> <span class='ocrx_word' id='word_1_246' title='bbox 1157 367 1506 410; x_wconf 73' lang='lat' dir='ltr'>arclziconsraternilas</span> <span class='ocrx_word' id='word_1_247' title='bbox 1539 366 1722 410; x_wconf 77' lang='lat' dir='ltr'>Conceplio·</span> 
     </span>
     <span class='ocr_line' id='line_1_54' title="bbox 1018 418 1720 463; baseline -0.003 -11"><span class='ocrx_word' id='word_1_248' title='bbox 1018 421 1070 452; x_wconf 76' lang='lat' dir='ltr'>nis</span> <span class='ocrx_word' id='word_1_249' title='bbox 1100 421 1139 453; x_wconf 72' lang='grc' dir='ltr'>Β.</span> <span class='ocrx_word' id='word_1_250' title='bbox 1177 421 1323 463; x_wconf 69' lang='lat' dir='ltr'>Virqz‘nv&#39;s</span> <span class='ocrx_word' id='word_1_251' title='bbox 1358 419 1488 452; x_wconf 73' lang='lat' dir='ltr'>Mariae</span> <span class='ocrx_word' id='word_1_252' title='bbox 1519 420 1555 451; x_wconf 77' lang='lat' dir='ltr'>in</span> <span class='ocrx_word' id='word_1_253' title='bbox 1587 418 1720 452; x_wconf 70' lang='lat' dir='ltr'>ecclesia</span> 
     </span>
     <span class='ocr_line' id='line_1_55' title="bbox 1019 470 1721 506; baseline -0.001 -2"><span class='ocrx_word' id='word_1_254' title='bbox 1019 472 1057 504; x_wconf 66' lang='lat' dir='ltr'>de,</span> <span class='ocrx_word' id='word_1_255' title='bbox 1088 472 1243 506; x_wconf 68' lang='lat' dir='ltr'>Articaeli</span> <span class='ocrx_word' id='word_1_256' title='bbox 1278 477 1451 505; x_wconf 76' lang='lat' dir='ltr'>conventus</span> <span class='ocrx_word' id='word_1_257' title='bbox 1485 472 1652 505; x_wconf 79' lang='lat' dir='ltr'>Minorum</span> <span class='ocrx_word' id='word_1_258' title='bbox 1683 470 1721 503; x_wconf 77' lang='lat' dir='ltr'>de</span> 
     </span>
     <span class='ocr_line' id='line_1_56' title="bbox 1021 524 1272 559; baseline -0.004 0"><span class='ocrx_word' id='word_1_259' title='bbox 1021 524 1235 559; x_wconf 72' lang='lat' dir='ltr'>observantia</span> <span class='ocrx_word' id='word_1_260' title='bbox 1248 525 1272 558; x_wconf 84' lang='lat'>¹.</span> 
     </span>
    </p>
   </div>
   <div class='ocr_carea' id='block_1_13' title="bbox 1091 614 1600 736">
    <p class='ocr_par' dir='ltr' id='par_1_15' title="bbox 1091 614 1600 736">
     <span class='ocr_line' id='line_1_57' title="bbox 1161 614 1536 647; baseline 0 -7"><span class='ocrx_word' id='word_1_261' title='bbox 1161 614 1342 641; x_wconf 81' lang='lat' dir='ltr'>Benedictus</span> <span class='ocrx_word' id='word_1_262' title='bbox 1363 614 1536 647; x_wconf 78' lang='lat' dir='ltr'>episcopus,</span> 
     </span>
     <span class='ocr_line' id='line_1_58' title="bbox 1160 658 1532 692; baseline 0.003 -8"><span class='ocrx_word' id='word_1_263' title='bbox 1160 665 1269 685; x_wconf 83' lang='lat' dir='ltr'>servus</span> <span class='ocrx_word' id='word_1_264' title='bbox 1290 665 1448 685; x_wconf 86' lang='lat' dir='ltr'>servorum</span> <span class='ocrx_word' id='word_1_265' title='bbox 1468 658 1532 692; x_wconf 84' lang='lat' dir='ltr'>Dei,</span> 
     </span>
     <span class='ocr_line' id='line_1_59' title="bbox 1091 702 1600 736; baseline 0.002 -7"><span class='ocrx_word' id='word_1_266' title='bbox 1091 702 1128 729; x_wconf 84' lang='lat' dir='ltr'>ad</span> <span class='ocrx_word' id='word_1_267' title='bbox 1150 705 1329 736; x_wconf 77' lang='lat' dir='ltr'>perpetuam</span> <span class='ocrx_word' id='word_1_268' title='bbox 1349 703 1395 730; x_wconf 84' lang='lat' dir='ltr'>rei</span> <span class='ocrx_word' id='word_1_269' title='bbox 1415 703 1600 730; x_wconf 84' lang='lat' dir='ltr'>memoriam.</span> 
     </span>
    </p>
   </div>
   <div class='ocr_carea' id='block_1_14' title="bbox 975 781 1719 1299">
    <p class='ocr_par' dir='ltr' id='par_1_16' title="bbox 975 781 1719 1299">
     <span class='ocr_line' id='line_1_60' title="bbox 1019 781 1719 825; baseline 0.004 -13"><span class='ocrx_word' id='word_1_270' title='bbox 1019 781 1060 813; x_wconf 89' lang='lat' dir='ltr'>Ex</span> <span class='ocrx_word' id='word_1_271' title='bbox 1088 791 1152 824; x_wconf 90' lang='lat' dir='ltr'>quo</span> <span class='ocrx_word' id='word_1_272' title='bbox 1188 781 1288 814; x_wconf 83' lang='lat' dir='ltr'>Sedes</span> <span class='ocrx_word' id='word_1_273' title='bbox 1326 782 1516 825; x_wconf 82' lang='lat' dir='ltr'>Apostolica</span> <span class='ocrx_word' id='word_1_274' title='bbox 1550 782 1635 814; x_wconf 87' lang='lat' dir='ltr'>diem</span> <span class='ocrx_word' id='word_1_275' title='bbox 1675 782 1719 815; x_wconf 87' lang='lat' dir='ltr'>se-</span> 
     </span>
     <span class='ocr_line' id='line_1_61' title="bbox 975 833 1717 878; baseline 0.001 -11"><span class='ocrx_word' id='word_1_276' title='bbox 975 840 1059 867; x_wconf 89' lang='lat' dir='ltr'>stnm</span> <span class='ocrx_word' id='word_1_277' title='bbox 1073 834 1105 866; x_wconf 90' lang='lat' dir='ltr'>in</span> <span class='ocrx_word' id='word_1_278' title='bbox 1120 834 1281 867; x_wconf 85' lang='lat' dir='ltr'>honorem</span> <span class='ocrx_word' id='word_1_279' title='bbox 1297 833 1527 878; x_wconf 87' lang='lat' dir='ltr'>Conceptionis</span> <span class='ocrx_word' id='word_1_280' title='bbox 1545 835 1580 868; x_wconf 90' lang='lat' dir='ltr'>B.</span> <span class='ocrx_word' id='word_1_281' title='bbox 1598 835 1717 868; x_wconf 86' lang='lat' dir='ltr'>Mariae</span> 
     </span>
     <span class='ocr_line' id='line_1_62' title="bbox 975 886 1718 931; baseline 0.003 -13"><span class='ocrx_word' id='word_1_282' title='bbox 975 886 1114 929; x_wconf 79' lang='lat' dir='ltr'>Virginis</span> <span class='ocrx_word' id='word_1_283' title='bbox 1140 887 1368 920; x_wconf 86' lang='lat' dir='ltr'>Immaculatae</span> <span class='ocrx_word' id='word_1_284' title='bbox 1404 890 1558 931; x_wconf 73' lang='lat' dir='ltr'>suprema</span> <span class='ocrx_word' id='word_1_285' title='bbox 1583 890 1640 921; x_wconf 68' lang='lat' dir='ltr'>sua</span> <span class='ocrx_word' id='word_1_286' title='bbox 1665 899 1718 921; x_wconf 87' lang='lat' dir='ltr'>au-</span> 
     </span>
     <span class='ocr_line' id='line_1_63' title="bbox 976 940 1718 979; baseline 0.001 -7"><span class='ocrx_word' id='word_1_287' title='bbox 976 940 1123 972; x_wconf 87' lang='lat' dir='ltr'>ctoritate</span> <span class='ocrx_word' id='word_1_288' title='bbox 1150 940 1227 972; x_wconf 86' lang='lat' dir='ltr'>olim</span> <span class='ocrx_word' id='word_1_289' title='bbox 1259 940 1415 979; x_wconf 85' lang='lat' dir='ltr'>instituit,</span> <span class='ocrx_word' id='word_1_290' title='bbox 1449 941 1646 974; x_wconf 87' lang='lat' dir='ltr'>caelestibus</span> <span class='ocrx_word' id='word_1_291' title='bbox 1671 942 1718 974; x_wconf 91' lang='lat' dir='ltr'>in-</span> 
     </span>
     <span class='ocr_line' id='line_1_64' title="bbox 976 992 1715 1035; baseline 0.003 -11"><span class='ocrx_word' id='word_1_292' title='bbox 976 992 1217 1035; x_wconf 81' lang='lat' dir='ltr'>dulgentiarum</span> <span class='ocrx_word' id='word_1_293' title='bbox 1265 993 1428 1025; x_wconf 76' lang='lat' dir='ltr'>thesauris</span> <span class='ocrx_word' id='word_1_294' title='bbox 1468 1004 1540 1026; x_wconf 88' lang='lat' dir='ltr'>eum</span> <span class='ocrx_word' id='word_1_295' title='bbox 1583 994 1687 1026; x_wconf 89' lang='lat' dir='ltr'>ditare</span> <span class='ocrx_word' id='word_1_296' title='bbox 1708 1021 1715 1033; x_wconf 92' lang='lat'>,</span> 
     </span>
     <span class='ocr_line' id='line_1_65' title="bbox 976 1045 1717 1089; baseline 0 -11"><span class='ocrx_word' id='word_1_297' title='bbox 976 1045 1198 1088; x_wconf 82' lang='lat' dir='ltr'>precibusque</span> <span class='ocrx_word' id='word_1_298' title='bbox 1224 1045 1488 1079; x_wconf 77' lang='lat' dir='ltr'>christifidelium</span> <span class='ocrx_word' id='word_1_299' title='bbox 1509 1057 1569 1089; x_wconf 91' lang='lat' dir='ltr'>pro</span> <span class='ocrx_word' id='word_1_300' title='bbox 1587 1046 1644 1079; x_wconf 91' lang='lat' dir='ltr'>illo</span> <span class='ocrx_word' id='word_1_301' title='bbox 1665 1047 1717 1089; x_wconf 88' lang='lat' dir='ltr'>pie</span> 
     </span>
     <span class='ocr_line' id='line_1_66' title="bbox 976 1098 1717 1141; baseline 0.001 -11"><span class='ocrx_word' id='word_1_302' title='bbox 976 1098 1176 1131; x_wconf 83' lang='lat' dir='ltr'>celebrando</span> <span class='ocrx_word' id='word_1_303' title='bbox 1200 1099 1261 1131; x_wconf 87' lang='lat' dir='ltr'>sibi</span> <span class='ocrx_word' id='word_1_304' title='bbox 1287 1099 1448 1141; x_wconf 85' lang='lat' dir='ltr'>porrectis</span> <span class='ocrx_word' id='word_1_305' title='bbox 1476 1099 1634 1141; x_wconf 81' lang='lat' dir='ltr'>benignas</span> <span class='ocrx_word' id='word_1_306' title='bbox 1655 1100 1717 1131; x_wconf 83' lang='lat' dir='ltr'>sre-</span> 
     </span>
     <span class='ocr_line' id='line_1_67' title="bbox 975 1151 1717 1193; baseline 0 -10"><span class='ocrx_word' id='word_1_307' title='bbox 975 1157 1116 1193; x_wconf 86' lang='lat' dir='ltr'>quenter</span> <span class='ocrx_word' id='word_1_308' title='bbox 1130 1162 1225 1184; x_wconf 86' lang='lat' dir='ltr'>aures</span> <span class='ocrx_word' id='word_1_309' title='bbox 1240 1151 1399 1193; x_wconf 86' lang='lat' dir='ltr'>praebere</span> <span class='ocrx_word' id='word_1_310' title='bbox 1417 1152 1597 1184; x_wconf 84' lang='lat' dir='ltr'>consuevit.</span> <span class='ocrx_word' id='word_1_311' title='bbox 1614 1151 1717 1189; x_wconf 83' lang='lat' dir='ltr'>Quare</span> 
     </span>
     <span class='ocr_line' id='line_1_68' title="bbox 976 1204 1716 1246; baseline 0.001 -11"><span class='ocrx_word' id='word_1_312' title='bbox 976 1215 1034 1236; x_wconf 88' lang='lat' dir='ltr'>nos</span> <span class='ocrx_word' id='word_1_313' title='bbox 1081 1215 1210 1246; x_wconf 88' lang='lat' dir='ltr'>quoque</span> <span class='ocrx_word' id='word_1_314' title='bbox 1259 1204 1479 1236; x_wconf 81' lang='lat' dir='ltr'>Romanorum</span> <span class='ocrx_word' id='word_1_315' title='bbox 1524 1204 1716 1238; x_wconf 85' lang='lat' dir='ltr'>Pontilicuni</span> 
     </span>
     <span class='ocr_line' id='line_1_69' title="bbox 975 1257 1717 1299; baseline 0.001 -10"><span class='ocrx_word' id='word_1_316' title='bbox 975 1258 1261 1299; x_wconf 78' lang='lat' dir='ltr'>praedecessormn</span> <span class='ocrx_word' id='word_1_317' title='bbox 1288 1262 1476 1289; x_wconf 86' lang='lat' dir='ltr'>nostrorum</span> <span class='ocrx_word' id='word_1_318' title='bbox 1503 1257 1638 1299; x_wconf 77' lang='lat' dir='ltr'>vestigia</span> <span class='ocrx_word' id='word_1_319' title='bbox 1667 1268 1717 1290; x_wconf 83' lang='lat' dir='ltr'>se-</span> 
     </span>
    </p>
   </div>
   <div class='ocr_carea' id='block_1_15' title="bbox 953 1309 1718 1353">
    <p class='ocr_par' dir='ltr' id='par_1_17' title="bbox 953 1309 1718 1353">
     <span class='ocr_line' id='line_1_70' title="bbox 953 1309 1718 1353; baseline 0.001 -12"><span class='ocrx_word' id='word_1_320' title='bbox 953 1317 954 1320; x_wconf 77' lang='grc'>’</span> <span class='ocrx_word' id='word_1_321' title='bbox 976 1315 1116 1348; x_wconf 65' lang='lat' dir='ltr'>mantes,</span> <span class='ocrx_word' id='word_1_322' title='bbox 1150 1309 1355 1352; x_wconf 81' lang='lat' dir='ltr'>supplicibus</span> <span class='ocrx_word' id='word_1_323' title='bbox 1380 1309 1615 1352; x_wconf 86' lang='lat' dir='ltr'>petitionibus,</span> <span class='ocrx_word' id='word_1_324' title='bbox 1634 1321 1718 1353; x_wconf 89' lang='lat' dir='ltr'>quae</span> 
     </span>
    </p>
   </div>
   <div class='ocr_carea' id='block_1_16' title="bbox 975 1362 1720 1512">
    <p class='ocr_par' dir='ltr' id='par_1_18' title="bbox 975 1362 1720 1512">
     <span class='ocr_line' id='line_1_71' title="bbox 976 1362 1720 1405; baseline -0.001 -10"><span class='ocrx_word' id='word_1_325' title='bbox 976 1362 1070 1395; x_wconf 89' lang='lat' dir='ltr'>nobis</span> <span class='ocrx_word' id='word_1_326' title='bbox 1095 1373 1153 1405; x_wconf 91' lang='lat' dir='ltr'>pro</span> <span class='ocrx_word' id='word_1_327' title='bbox 1179 1363 1268 1394; x_wconf 89' lang='lat' dir='ltr'>cultu</span> <span class='ocrx_word' id='word_1_328' title='bbox 1296 1373 1372 1405; x_wconf 80' lang='lat' dir='ltr'>erga</span> <span class='ocrx_word' id='word_1_329' title='bbox 1397 1363 1546 1396; x_wconf 85' lang='lat' dir='ltr'>eamdem</span> <span class='ocrx_word' id='word_1_330' title='bbox 1572 1362 1720 1395; x_wconf 81' lang='lat' dir='ltr'>beatissi-</span> 
     </span>
     <span class='ocr_line' id='line_1_72' title="bbox 975 1415 1718 1458; baseline -0.001 -10"><span class='ocrx_word' id='word_1_331' title='bbox 975 1426 1059 1448; x_wconf 83' lang='lat' dir='ltr'>mam</span> <span class='ocrx_word' id='word_1_332' title='bbox 1084 1415 1248 1457; x_wconf 77' lang='lat' dir='ltr'>Virginem</span> <span class='ocrx_word' id='word_1_333' title='bbox 1283 1426 1343 1458; x_wconf 87' lang='lat' dir='ltr'>per</span> <span class='ocrx_word' id='word_1_334' title='bbox 1375 1415 1510 1448; x_wconf 85' lang='lat' dir='ltr'>alicuius</span> <span class='ocrx_word' id='word_1_335' title='bbox 1535 1415 1718 1448; x_wconf 88' lang='lat' dir='ltr'>sodalitatis</span> 
     </span>
     <span class='ocr_line' id='line_1_73' title="bbox 976 1468 1716 1512; baseline 0 -12"><span class='ocrx_word' id='word_1_336' title='bbox 976 1468 1177 1501; x_wconf 85' lang='lat' dir='ltr'>erectionem</span> <span class='ocrx_word' id='word_1_337' title='bbox 1211 1468 1453 1511; x_wconf 85' lang='lat' dir='ltr'>promovendo,</span> <span class='ocrx_word' id='word_1_338' title='bbox 1484 1468 1716 1512; x_wconf 79' lang='lat' dir='ltr'>porriguntur,</span> 
     </span>
    </p>
   </div>
   <div class='ocr_carea' id='block_1_17' title="bbox 954 1520 1321 1553">
    <p class='ocr_par' dir='ltr' id='par_1_19' title="bbox 954 1520 1321 1553">
     <span class='ocr_line' id='line_1_74' title="bbox 954 1520 1321 1553; baseline 0 -2"><span class='ocrx_word' id='word_1_339' title='bbox 954 1530 955 1551; x_wconf 73' lang='lat'>1</span> <span class='ocrx_word' id='word_1_340' title='bbox 976 1521 1115 1553; x_wconf 86' lang='lat' dir='ltr'>libenter</span> <span class='ocrx_word' id='word_1_341' title='bbox 1140 1520 1321 1552; x_wconf 84' lang='lat' dir='ltr'>annuimus.</span> 
     </span>
    </p>
   </div>
   <div class='ocr_carea' id='block_1_18' title="bbox 1020 1572 1719 1616">
    <p class='ocr_par' dir='ltr' id='par_1_20' title="bbox 1020 1572 1719 1616">
     <span class='ocr_line' id='line_1_75' title="bbox 1020 1572 1719 1616; baseline 0 -11"><span class='ocrx_word' id='word_1_342' title='bbox 1020 1574 1034 1616; x_wconf 69' lang='grc' dir='ltr'>ξ</span> <span class='ocrx_word' id='word_1_343' title='bbox 1060 1573 1090 1605; x_wconf 83' lang='grc'>1.</span> <span class='ocrx_word' id='word_1_344' title='bbox 1118 1573 1229 1616; x_wconf 84' lang='lat' dir='ltr'>ltaque</span> <span class='ocrx_word' id='word_1_345' title='bbox 1255 1573 1393 1606; x_wconf 86' lang='lat' dir='ltr'>dilectus</span> <span class='ocrx_word' id='word_1_346' title='bbox 1410 1572 1495 1606; x_wconf 80' lang='lat' dir='ltr'>silius</span> <span class='ocrx_word' id='word_1_347' title='bbox 1514 1572 1612 1606; x_wconf 84' lang='lat' dir='ltr'>frater</span> <span class='ocrx_word' id='word_1_348' title='bbox 1636 1573 1719 1605; x_wconf 85' lang='lat' dir='ltr'>lose-</span> 
     </span>
    </p>
   </div>
   <div class='ocr_carea' id='block_1_19' title="bbox 1729 1618 1746 1632">
    <p class='ocr_par' dir='ltr' id='par_1_21' title="bbox 1729 1618 1746 1632">
     <span class='ocr_line' id='line_1_76' title="bbox 1729 1618 1746 1632; baseline -0.059 0"><span class='ocrx_word' id='word_1_349' title='bbox 1729 1618 1746 1632; x_wconf 73' lang='grc' dir='ltr'>ΓΙ</span> 
     </span>
    </p>
   </div>
   <div class='ocr_carea' id='block_1_20' title="bbox 1752 204 1912 232">
    <p class='ocr_par' dir='ltr' id='par_1_22' title="bbox 1752 204 1912 232">
     <span class='ocr_line' id='line_1_77' title="bbox 1752 204 1912 232; baseline 0.013 -2"><span class='ocrx_word' id='word_1_350' title='bbox 1752 212 1778 231; x_wconf 89' lang='lat' dir='ltr'>n.</span> <span class='ocrx_word' id='word_1_351' title='bbox 1795 204 1823 231; x_wconf 90' lang='lat' dir='ltr'>C.</span> <span class='ocrx_word' id='word_1_352' title='bbox 1846 205 1912 232; x_wconf 77' lang='lat'>1727</span> 
     </span>
    </p>
   </div>
   <div class='ocr_carea' id='block_1_21' title="bbox 1757 791 1877 815">
    <p class='ocr_par' dir='ltr' id='par_1_23' title="bbox 1757 791 1877 815">
     <span class='ocr_line' id='line_1_78' title="bbox 1757 791 1877 815; baseline 0.008 -4"><span class='ocrx_word' id='word_1_353' title='bbox 1757 791 1877 815; x_wconf 77' lang='lat' dir='ltr'>Exordium.</span> 
     </span>
    </p>
   </div>
   <div class='ocr_carea' id='block_1_22' title="bbox 1750 1586 1915 1637">
    <p class='ocr_par' dir='ltr' id='par_1_24' title="bbox 1750 1586 1915 1637">
     <span class='ocr_line' id='line_1_79' title="bbox 1771 1586 1915 1610; baseline 0 -5"><span class='ocrx_word' id='word_1_354' title='bbox 1771 1586 1847 1605; x_wconf 57' lang='lat' dir='ltr'>risi-cs</span> <span class='ocrx_word' id='word_1_355' title='bbox 1866 1591 1915 1610; x_wconf 77' lang='lat' dir='ltr'>pro-</span> 
     </span>
     <span class='ocr_line' id='line_1_80' title="bbox 1750 1616 1915 1637; baseline 0 -6"><span class='ocrx_word' id='word_1_356' title='bbox 1750 1616 1834 1631; x_wconf 60' lang='lat' dir='ltr'>natum</span> <span class='ocrx_word' id='word_1_357' title='bbox 1853 1618 1915 1637; x_wconf 66' lang='lat' dir='ltr'>geno-</span> 
     </span>
    </p>
   </div>
   <div class='ocr_carea' id='block_1_23' title="bbox 976 1625 1914 1669">
    <p class='ocr_par' dir='ltr' id='par_1_25' title="bbox 976 1625 1914 1669">
     <span class='ocr_line' id='line_1_81' title="bbox 976 1625 1914 1669; baseline 0 -11"><span class='ocrx_word' id='word_1_358' title='bbox 976 1627 1059 1669; x_wconf 89' lang='lat' dir='ltr'>phus</span> <span class='ocrx_word' id='word_1_359' title='bbox 1075 1626 1173 1658; x_wconf 85' lang='lat' dir='ltr'>Maria</span> <span class='ocrx_word' id='word_1_360' title='bbox 1183 1626 1221 1658; x_wconf 86' lang='lat' dir='ltr'>ab</span> <span class='ocrx_word' id='word_1_361' title='bbox 1232 1625 1338 1658; x_wconf 90' lang='lat' dir='ltr'>Ebora</span> <span class='ocrx_word' id='word_1_362' title='bbox 1350 1631 1541 1669; x_wconf 87' lang='lat' dir='ltr'>procurator</span> <span class='ocrx_word' id='word_1_363' title='bbox 1555 1626 1718 1669; x_wconf 86' lang='lat' dir='ltr'>generalis</span> <span class='ocrx_word' id='word_1_364' title='bbox 1730 1640 1779 1659; x_wconf 59' lang='lat' dir='ltr'>snt&lt;</span> <span class='ocrx_word' id='word_1_365' title='bbox 1794 1639 1914 1658; x_wconf 70' lang='lat' dir='ltr'>onseivan·</span> 
     </span>
    </p>
   </div>
   <div class='ocr_carea' id='block_1_24' title="bbox 975 1668 1747 1712">
    <p class='ocr_par' dir='ltr' id='par_1_26' title="bbox 975 1668 1747 1712">
     <span class='ocr_line' id='line_1_82' title="bbox 975 1668 1747 1712; baseline 0.003 -2"><span class='ocrx_word' id='word_1_366' title='bbox 975 1679 1105 1711; x_wconf 88' lang='lat' dir='ltr'>Ordinis</span> <span class='ocrx_word' id='word_1_367' title='bbox 1119 1679 1253 1711; x_wconf 84' lang='lat' dir='ltr'>sratrum</span> <span class='ocrx_word' id='word_1_368' title='bbox 1269 1678 1427 1711; x_wconf 85' lang='lat' dir='ltr'>Minorum</span> <span class='ocrx_word' id='word_1_369' title='bbox 1446 1679 1481 1711; x_wconf 90' lang='lat' dir='ltr'>B.</span> <span class='ocrx_word' id='word_1_370' title='bbox 1499 1678 1661 1712; x_wconf 80' lang='lat' dir='ltr'>Francisci</span> <span class='ocrx_word' id='word_1_371' title='bbox 1677 1668 1747 1712; x_wconf 69' lang='lat' dir='ltr'>dein</span> 
     </span>
    </p>
   </div>
   <div class='ocr_carea' id='block_1_25' title="bbox 954 1732 1719 1775">
    <p class='ocr_par' dir='ltr' id='par_1_27' title="bbox 954 1732 1719 1775">
     <span class='ocr_line' id='line_1_83' title="bbox 954 1732 1719 1775; baseline 0 -10"><span class='ocrx_word' id='word_1_372' title='bbox 954 1732 1186 1765; x_wconf 67' lang='lat' dir='ltr'>aObservantia</span> <span class='ocrx_word' id='word_1_373' title='bbox 1221 1737 1484 1774; x_wconf 88' lang='lat' dir='ltr'>nuncupatorum</span> <span class='ocrx_word' id='word_1_374' title='bbox 1517 1732 1635 1775; x_wconf 79' lang='lat' dir='ltr'>exponi</span> <span class='ocrx_word' id='word_1_375' title='bbox 1661 1743 1719 1765; x_wconf 90' lang='lat' dir='ltr'>no-</span> 
     </span>
    </p>
   </div>
   <div class='ocr_carea' id='block_1_26' title="bbox 975 1784 1720 2401">
    <p class='ocr_par' dir='ltr' id='par_1_28' title="bbox 975 1784 1720 2401">
     <span class='ocr_line' id='line_1_84' title="bbox 975 1784 1717 1828; baseline 0 -11"><span class='ocrx_word' id='word_1_376' title='bbox 975 1785 1023 1817; x_wconf 91' lang='lat' dir='ltr'>bis</span> <span class='ocrx_word' id='word_1_377' title='bbox 1049 1796 1153 1828; x_wconf 86' lang='lat' dir='ltr'>nuper</span> <span class='ocrx_word' id='word_1_378' title='bbox 1177 1785 1266 1824; x_wconf 83' lang='lat' dir='ltr'>secit,</span> <span class='ocrx_word' id='word_1_379' title='bbox 1293 1784 1479 1818; x_wconf 89' lang='lat' dir='ltr'>huiusmodi</span> <span class='ocrx_word' id='word_1_380' title='bbox 1502 1785 1619 1818; x_wconf 77' lang='lat' dir='ltr'>fratres</span> <span class='ocrx_word' id='word_1_381' title='bbox 1646 1785 1717 1828; x_wconf 88' lang='lat' dir='ltr'>(qui</span> 
     </span>
     <span class='ocr_line' id='line_1_85' title="bbox 976 1838 1720 1881; baseline -0.001 -10"><span class='ocrx_word' id='word_1_382' title='bbox 976 1840 1141 1871; x_wconf 85' lang='lat' dir='ltr'>caelorum</span> <span class='ocrx_word' id='word_1_383' title='bbox 1167 1838 1311 1880; x_wconf 78' lang='lat' dir='ltr'>Reginae</span> <span class='ocrx_word' id='word_1_384' title='bbox 1336 1838 1435 1871; x_wconf 89' lang='lat' dir='ltr'>verbo</span> <span class='ocrx_word' id='word_1_385' title='bbox 1461 1843 1493 1870; x_wconf 92' lang='lat' dir='ltr'>et</span> <span class='ocrx_word' id='word_1_386' title='bbox 1517 1838 1645 1881; x_wconf 88' lang='lat' dir='ltr'>scriptis</span> <span class='ocrx_word' id='word_1_387' title='bbox 1665 1849 1720 1871; x_wconf 90' lang='lat' dir='ltr'>au-</span> 
     </span>
     <span class='ocr_line' id='line_1_86' title="bbox 979 1890 1719 1934; baseline 0 -11"><span class='ocrx_word' id='word_1_388' title='bbox 979 1891 1106 1934; x_wconf 83' lang='lat' dir='ltr'>gendae</span> <span class='ocrx_word' id='word_1_389' title='bbox 1132 1891 1354 1923; x_wconf 83' lang='lat' dir='ltr'>venerationis</span> <span class='ocrx_word' id='word_1_390' title='bbox 1388 1891 1419 1922; x_wconf 93' lang='lat' dir='ltr'>in</span> <span class='ocrx_word' id='word_1_391' title='bbox 1454 1890 1548 1924; x_wconf 89' lang='lat' dir='ltr'>terris</span> <span class='ocrx_word' id='word_1_392' title='bbox 1574 1901 1676 1934; x_wconf 87' lang='lat' dir='ltr'>usque</span> <span class='ocrx_word' id='word_1_393' title='bbox 1702 1902 1719 1923; x_wconf 94' lang='lat' dir='ltr'>a</span> 
     </span>
     <span class='ocr_line' id='line_1_87' title="bbox 976 1942 1719 1987; baseline 0.001 -11"><span class='ocrx_word' id='word_1_394' title='bbox 976 1944 1081 1987; x_wconf 92' lang='lat' dir='ltr'>primo</span> <span class='ocrx_word' id='word_1_395' title='bbox 1096 1943 1144 1976; x_wconf 89' lang='lat' dir='ltr'>sui</span> <span class='ocrx_word' id='word_1_396' title='bbox 1157 1942 1287 1975; x_wconf 90' lang='lat' dir='ltr'>Ordinis</span> <span class='ocrx_word' id='word_1_397' title='bbox 1310 1942 1443 1975; x_wconf 86' lang='lat' dir='ltr'>exordio</span> <span class='ocrx_word' id='word_1_398' title='bbox 1462 1942 1719 1977; x_wconf 87' lang='lat' dir='ltr'>studiosissimos</span> 
     </span>
     <span class='ocr_line' id='line_1_88' title="bbox 977 1994 1719 2038; baseline 0 -10"><span class='ocrx_word' id='word_1_399' title='bbox 977 2006 1049 2028; x_wconf 90' lang='lat' dir='ltr'>sese</span> <span class='ocrx_word' id='word_1_400' title='bbox 1075 1996 1311 2035; x_wconf 87' lang='lat' dir='ltr'>ostenderunt,</span> <span class='ocrx_word' id='word_1_401' title='bbox 1338 1999 1370 2027; x_wconf 87' lang='lat' dir='ltr'>et</span> <span class='ocrx_word' id='word_1_402' title='bbox 1403 1994 1529 2037; x_wconf 84' lang='lat' dir='ltr'>piarum</span> <span class='ocrx_word' id='word_1_403' title='bbox 1561 2006 1693 2038; x_wconf 90' lang='lat' dir='ltr'>precum</span> <span class='ocrx_word' id='word_1_404' title='bbox 1711 2023 1719 2036; x_wconf 88' lang='lat'><em>,</em></span> 
     </span>
     <span class='ocr_line' id='line_1_89' title="bbox 977 2047 1719 2092; baseline 0.001 -11"><span class='ocrx_word' id='word_1_405' title='bbox 977 2059 1056 2092; x_wconf 81' lang='lat' dir='ltr'>quas</span> <span class='ocrx_word' id='word_1_406' title='bbox 1081 2048 1239 2081; x_wconf 85' lang='lat' dir='ltr'>Coronam</span> <span class='ocrx_word' id='word_1_407' title='bbox 1275 2048 1309 2080; x_wconf 87' lang='grc' dir='ltr'>Β.</span> <span class='ocrx_word' id='word_1_408' title='bbox 1347 2047 1462 2080; x_wconf 87' lang='lat' dir='ltr'>Mariae</span> <span class='ocrx_word' id='word_1_409' title='bbox 1497 2048 1637 2091; x_wconf 83' lang='lat' dir='ltr'>Virginis</span> <span class='ocrx_word' id='word_1_410' title='bbox 1664 2060 1719 2082; x_wconf 92' lang='lat' dir='ltr'>vo-</span> 
     </span>
     <span class='ocr_line' id='line_1_90' title="bbox 976 2100 1719 2145; baseline 0 -10"><span class='ocrx_word' id='word_1_411' title='bbox 976 2108 1062 2142; x_wconf 85' lang='lat' dir='ltr'>cant,</span> <span class='ocrx_word' id='word_1_412' title='bbox 1089 2101 1279 2134; x_wconf 88' lang='lat' dir='ltr'>recitatione</span> <span class='ocrx_word' id='word_1_413' title='bbox 1305 2100 1575 2135; x_wconf 82' lang='lat' dir='ltr'>christifidelibus</span> <span class='ocrx_word' id='word_1_414' title='bbox 1599 2112 1719 2145; x_wconf 88' lang='lat' dir='ltr'>propo-</span> 
     </span>
     <span class='ocr_line' id='line_1_91' title="bbox 977 2154 1718 2197; baseline 0 -9"><span class='ocrx_word' id='word_1_415' title='bbox 977 2155 1053 2195; x_wconf 80' lang='lat' dir='ltr'>sita,</span> <span class='ocrx_word' id='word_1_416' title='bbox 1073 2154 1238 2197; x_wconf 84' lang='lat' dir='ltr'>sacrisque</span> <span class='ocrx_word' id='word_1_417' title='bbox 1256 2154 1405 2187; x_wconf 89' lang='lat' dir='ltr'>laudibus</span> <span class='ocrx_word' id='word_1_418' title='bbox 1426 2154 1460 2186; x_wconf 93' lang='lat' dir='ltr'>in</span> <span class='ocrx_word' id='word_1_419' title='bbox 1481 2154 1551 2188; x_wconf 88' lang='lat' dir='ltr'>sesti</span> <span class='ocrx_word' id='word_1_420' title='bbox 1574 2154 1718 2188; x_wconf 89' lang='lat' dir='ltr'>eiusdem</span> 
     </span>
     <span class='ocr_line' id='line_1_92' title="bbox 976 2206 1716 2252; baseline 0 -12"><span class='ocrx_word' id='word_1_421' title='bbox 976 2206 1208 2250; x_wconf 87' lang='lat' dir='ltr'>Conceptionis</span> <span class='ocrx_word' id='word_1_422' title='bbox 1225 2207 1417 2250; x_wconf 85' lang='lat' dir='ltr'>obsequium</span> <span class='ocrx_word' id='word_1_423' title='bbox 1436 2207 1496 2240; x_wconf 89' lang='lat' dir='ltr'>rite</span> <span class='ocrx_word' id='word_1_424' title='bbox 1516 2208 1716 2252; x_wconf 88' lang='lat' dir='ltr'>compositis,</span> 
     </span>
     <span class='ocr_line' id='line_1_93' title="bbox 977 2260 1717 2303; baseline 0.001 -10"><span class='ocrx_word' id='word_1_425' title='bbox 977 2260 1114 2303; x_wconf 84' lang='lat' dir='ltr'>aliisque</span> <span class='ocrx_word' id='word_1_426' title='bbox 1140 2260 1386 2303; x_wconf 82' lang='lat' dir='ltr'>quamplurimis</span> <span class='ocrx_word' id='word_1_427' title='bbox 1408 2261 1607 2302; x_wconf 80' lang='lat' dir='ltr'>argumentis</span> <span class='ocrx_word' id='word_1_428' title='bbox 1626 2272 1717 2295; x_wconf 88' lang='lat' dir='ltr'>suum</span> 
     </span>
     <span class='ocr_line' id='line_1_94' title="bbox 977 2312 1717 2356; baseline 0.003 -10"><span class='ocrx_word' id='word_1_429' title='bbox 977 2323 1054 2355; x_wconf 77' lang='lat' dir='ltr'>erga</span> <span class='ocrx_word' id='word_1_430' title='bbox 1094 2312 1290 2356; x_wconf 82' lang='lat' dir='ltr'>praedictam</span> <span class='ocrx_word' id='word_1_431' title='bbox 1332 2313 1494 2355; x_wconf 74' lang='lat' dir='ltr'>Virginem</span> <span class='ocrx_word' id='word_1_432' title='bbox 1535 2314 1717 2348; x_wconf 87' lang='lat' dir='ltr'>devotionis</span> 
     </span>
     <span class='ocr_line' id='line_1_95' title="bbox 976 2365 1718 2401; baseline 0.004 -3"><span class='ocrx_word' id='word_1_433' title='bbox 976 2366 1124 2399; x_wconf 82' lang='lat' dir='ltr'>affectum</span> <span class='ocrx_word' id='word_1_434' title='bbox 1159 2365 1334 2398; x_wconf 86' lang='lat' dir='ltr'>ferventius</span> <span class='ocrx_word' id='word_1_435' title='bbox 1367 2366 1538 2399; x_wconf 80' lang='lat' dir='ltr'>confovere</span> <span class='ocrx_word' id='word_1_436' title='bbox 1571 2378 1636 2400; x_wconf 89' lang='lat' dir='ltr'>non</span> <span class='ocrx_word' id='word_1_437' title='bbox 1662 2368 1718 2401; x_wconf 90' lang='lat' dir='ltr'>de-</span> 
     </span>
    </p>
   </div>
   <div class='ocr_carea' id='block_1_27' title="bbox 975 2456 1717 2625">
    <p class='ocr_par' dir='ltr' id='par_1_29' title="bbox 975 2456 1717 2625">
     <span class='ocr_line' id='line_1_96' title="bbox 1013 2456 1713 2493; baseline 0.004 -11"><span class='ocrx_word' id='word_1_438' title='bbox 1013 2458 1022 2482; x_wconf 88' lang='grc'>1</span> <span class='ocrx_word' id='word_1_439' title='bbox 1048 2456 1197 2484; x_wconf 88' lang='lat' dir='ltr'>Innocentii</span> <span class='ocrx_word' id='word_1_440' title='bbox 1219 2457 1254 2483; x_wconf 90' lang='lat' dir='ltr'>XI</span> <span class='ocrx_word' id='word_1_441' title='bbox 1269 2460 1356 2483; x_wconf 86' lang='lat' dir='ltr'>const.</span> <span class='ocrx_word' id='word_1_442' title='bbox 1377 2457 1421 2484; x_wconf 80' lang='lat' dir='ltr'>ed.</span> <span class='ocrx_word' id='word_1_443' title='bbox 1443 2464 1600 2493; x_wconf 75' lang='lat' dir='ltr'>mnchxx1x‚</span> <span class='ocrx_word' id='word_1_444' title='bbox 1621 2458 1664 2485; x_wconf 89' lang='lat' dir='ltr'>die</span> <span class='ocrx_word' id='word_1_445' title='bbox 1685 2461 1713 2486; x_wconf 79' lang='grc' dir='ltr'><strong>Η</strong></span> 
     </span>
     <span class='ocr_line' id='line_1_97' title="bbox 976 2501 1717 2537; baseline 0.005 -10"><span class='ocrx_word' id='word_1_446' title='bbox 976 2501 1049 2535; x_wconf 83' lang='lat' dir='ltr'>maii,</span> <span class='ocrx_word' id='word_1_447' title='bbox 1071 2501 1166 2537; x_wconf 81' lang='lat' dir='ltr'>pontif.</span> <span class='ocrx_word' id='word_1_448' title='bbox 1188 2507 1244 2535; x_wconf 80' lang='lat' dir='ltr'>xlii,</span> <span class='ocrx_word' id='word_1_449' title='bbox 1266 2506 1357 2528; x_wconf 85' lang='lat' dir='ltr'>erecta</span> <span class='ocrx_word' id='word_1_450' title='bbox 1376 2502 1426 2528; x_wconf 78' lang='lat' dir='ltr'>suit</span> <span class='ocrx_word' id='word_1_451' title='bbox 1445 2503 1472 2528; x_wconf 89' lang='lat' dir='ltr'>in</span> <span class='ocrx_word' id='word_1_452' title='bbox 1488 2502 1717 2531; x_wconf 81' lang='lat' dir='ltr'>archiconfrater-</span> 
     </span>
     <span class='ocr_line' id='line_1_98' title="bbox 975 2545 1717 2575; baseline 0.004 -3"><span class='ocrx_word' id='word_1_453' title='bbox 975 2546 1089 2573; x_wconf 85' lang='lat' dir='ltr'>nitatem</span> <span class='ocrx_word' id='word_1_454' title='bbox 1118 2545 1326 2573; x_wconf 81' lang='lat' dir='ltr'>confraternitas</span> <span class='ocrx_word' id='word_1_455' title='bbox 1358 2546 1387 2573; x_wconf 89' lang='lat' dir='ltr'>B.</span> <span class='ocrx_word' id='word_1_456' title='bbox 1417 2546 1454 2573; x_wconf 90' lang='lat' dir='ltr'>M.</span> <span class='ocrx_word' id='word_1_457' title='bbox 1485 2546 1513 2574; x_wconf 91' lang='lat' dir='ltr'>V.</span> <span class='ocrx_word' id='word_1_458' title='bbox 1544 2547 1571 2573; x_wconf 92' lang='lat' dir='ltr'>in</span> <span class='ocrx_word' id='word_1_459' title='bbox 1600 2548 1717 2575; x_wconf 68' lang='lat' dir='ltr'>ecelesia</span> 
     </span>
     <span class='ocr_line' id='line_1_99' title="bbox 975 2589 1466 2625; baseline 0.002 -8"><span class='ocrx_word' id='word_1_460' title='bbox 975 2591 1000 2617; x_wconf 82' lang='lat' dir='ltr'>S.</span> <span class='ocrx_word' id='word_1_461' title='bbox 1022 2590 1152 2625; x_wconf 85' lang='lat' dir='ltr'>Stephani</span> <span class='ocrx_word' id='word_1_462' title='bbox 1173 2589 1206 2617; x_wconf 85' lang='lat' dir='ltr'>dc</span> <span class='ocrx_word' id='word_1_463' title='bbox 1227 2589 1312 2617; x_wconf 82' lang='lat' dir='ltr'>Caeco</span> <span class='ocrx_word' id='word_1_464' title='bbox 1332 2590 1365 2618; x_wconf 80' lang='lat' dir='ltr'>de</span> <span class='ocrx_word' id='word_1_465' title='bbox 1387 2590 1466 2618; x_wconf 85' lang='lat' dir='ltr'>Urbe.</span> 
     </span>
    </p>
   </div>
   <div class='ocr_carea' id='block_1_28' title="bbox 1740 1665 1915 1690">
    <p class='ocr_par' dir='ltr' id='par_1_30' title="bbox 1740 1665 1915 1690">
     <span class='ocr_line' id='line_1_100' title="bbox 1740 1665 1915 1690; baseline -0.029 -6"><span class='ocrx_word' id='word_1_466' title='bbox 1740 1672 1779 1685; x_wconf 79' lang='lat' dir='ltr'>nnn</span> <span class='ocrx_word' id='word_1_467' title='bbox 1793 1671 1830 1690; x_wconf 82' lang='lat' dir='ltr'>pro</span> <span class='ocrx_word' id='word_1_468' title='bbox 1843 1665 1915 1684; x_wconf 47' lang='lat' dir='ltr'>huin&lt;-</span> 
     </span>
    </p>
   </div>
   <div class='ocr_carea' id='block_1_29' title="bbox 1751 1692 1913 1712">
    <p class='ocr_par' dir='ltr' id='par_1_31' title="bbox 1751 1692 1913 1712">
     <span class='ocr_line' id='line_1_101' title="bbox 1751 1692 1913 1712; baseline 0.006 -2"><span class='ocrx_word' id='word_1_469' title='bbox 1751 1692 1784 1711; x_wconf 71' lang='lat' dir='ltr'>odi</span> <span class='ocrx_word' id='word_1_470' title='bbox 1797 1695 1913 1712; x_wconf 64' lang='lat' dir='ltr'>erectionis.</span> 
     </span>
    </p>
   </div>
  </div>
 </body>
</html>
