2170 3147
0 193 37 217 tn.
54 190 82 216 C.
102 189 167 216 1728

9 561 91 588 Appella
95 561 161 582 tiones

0 588 86 610 nomo-lo
108 588 161 608 reci·

0 615 79 636 iendae.

23 1762 159 1784 inhibitiones

0 1791 28 1810 ῆι
36 1790 160 1815 appellatio-

0 1831 5 1836 ,
57 1816 159 1836 admissas

0 1841 85 1862 iomodo
109 1847 159 1863 con-

0 1867 94 1889 silendae.

763 187 955 210 nestssblffst's
981 187 1036 210 XIII
1062 188 1109 210 1'1‘.

174 235 466 268 constitutionibus
487 235 587 267 felicis
609 235 840 268 recordationis
865 235 912 267 ln-

173 288 313 320 nocentii
350 287 407 320 Pr.
433 288 487 326 lV,
513 287 684 320 Alexandri
710 288 759 328 IV,
786 288 911 320 Bonisa-

173 340 212 372 cii
231 339 303 377 Vlll,
322 339 468 381 Gregorii
485 340 543 378 XV,
562 340 767 382 aliorumque
783 345 910 372 nostro-

172 402 242 424 rum
268 393 577 434 praedecessorum,
602 401 728 424 necnon
760 392 792 424 in
829 392 908 424 Con-

171 445 237 477 cilii
262 444 441 477 Tridentini
468 444 617 483 decretis,
635 444 692 475 sub
717 444 830 487 poenis
851 444 910 476 ibi-

171 497 243 529 dem
269 497 443 530 contentis.

215 549 229 591 ἓ
269 549 299 581 7.
339 549 579 591 Appellationes
620 559 784 590 nunquam
825 549 906 581 reoi-

171 601 317 644 piantur,
344 601 423 640 nisi,
448 611 509 643 per
534 601 685 643 pubblica
712 601 907 633 documenta

172 653 302 686 realiter
338 653 544 692 exhibenda,
570 653 658 696 prius
696 653 877 685 constiterit
897 679 904 691 ,

171 705 424 748 appellationem
451 716 468 738 a
485 706 645 738 sententia
666 704 831 738 definitiva
854 700 903 737 rel

172 757 312 790 habente
327 757 388 789 vim
405 757 596 797 definitivae,
612 764 666 790 aut
681 769 696 789 a
719 756 904 799 gravamine

171 809 256 852 quod
282 819 340 852 per
364 809 561 842 definitivam
589 809 786 842 sententiam
813 819 905 851 repa-

170 861 235 893 rari
260 872 323 894 non
348 862 461 905 possit,
488 863 536 895 vel
563 862 648 904 quod
675 861 904 904 praeiudiciale

170 914 212 947 sit
236 914 268 946 iu
294 914 418 946 casibus
442 925 459 946 a
477 915 545 946 iure
565 924 627 947 non
643 913 827 956 prohibitis,
846 924 905 956 per

170 965 346 1008 legitimam
387 977 556 1008 porsonam
594 972 625 999 et.
665 967 748 998 intra
788 971 904 997 statuta

172 1023 320 1061 tempora
346 1019 445 1051 l'uisse
471 1019 694 1062 interpositam
720 1024 774 1051 aut
798 1028 904 1061 prose-

172 1075 298 1110 cutam,
325 1080 402 1109 nec,
427 1076 654 1114 praeterquam
680 1071 711 1102 in
736 1070 862 1103 casibus
888 1081 904 1102 a

170 1122 239 1155 iure
264 1122 450 1166 permissis,
477 1123 551 1155 dum
578 1133 673 1156 causa
698 1133 806 1155 eoram
827 1122 904 1154 inse—

171 1175 310 1208 rioribus
335 1173 494 1208 iudicibus
520 1175 664 1218 pendet,
692 1181 764 1207 ante
797 1174 905 1207 defini-

173 1228 267 1260 tivam
284 1228 480 1260 sententiam
498 1229 547 1260 vel
566 1228 627 1260 viru
646 1227 826 1260 definitivae
849 1228 904 1260 ha-

170 1280 318 1320 bentem,
345 1280 384 1313 de
410 1280 615 1322 gravamine,
638 1281 722 1323 quod
745 1286 905 1312 asseratur

172 1333 316 1371 illatum,
343 1332 528 1376 superiores
555 1343 751 1374 cognoscere
770 1333 904 1375 possint,

171 1386 249 1418 licet
269 1385 348 1418 eitra
367 1385 601 1428 praeiudicium
620 1386 775 1418 ordinarii
794 1396 905 1418 cursus

170 1449 284 1471 causae
324 1448 394 1471 sese
430 1438 462 1470 id
495 1439 598 1471 facere
632 1438 818 1478 declarent,
845 1448 905 1471 nee

171 1490 209 1523 ad
235 1491 322 1523 hunc
349 1490 495 1523 ellectum
521 1490 618 1523 liceat
649 1490 694 1523 eis
730 1490 880 1523 inhibere
898 1517 905 1530 ,

171 1552 226 1576 aut,
251 1544 347 1576 etiam
373 1544 562 1586 simpliciter
587 1544 739 1576 mandare
768 1550 801 1576 ut
826 1544 903 1586 ipsi¹

171 1597 264 1640 copia
290 1607 462 1639 processus
489 1597 645 1634 mittatur,
671 1597 764 1628 etiam
788 1606 905 1638 expen-

171 1649 213 1682 sis
238 1648 430 1692 appellantis
456 1649 503 1680 vel
531 1649 726 1680 recurrentis
745 1675 752 1687 ,
780 1648 839 1680 nisi
873 1648 904 1680 in

171 1702 297 1735 casibus
324 1713 340 1734 a
365 1702 433 1734 iure
459 1701 638 1744 permissis.

214 1757 228 1799 ξ
252 1755 283 1788 8.
310 1755 546 1794 inhibitiones,
572 1760 644 1798 post
669 1755 904 1798 appellationes

170 1808 254 1841 sieut
277 1808 492 1851 praemittittu·
517 1808 695 1847 admissas,
730 1818 793 1840 non
831 1818 905 1840 con-

171 1861 326 1894 cedantur
365 1860 423 1893 nisi
461 1871 531 1893 cum
569 1860 747 1893 insertione
785 1860 904 1892 tenoris

172 1913 352 1946 sententiae
388 1918 441 1945 aut
477 1912 617 1953 decreti,
651 1924 667 1945 a
703 1923 767 1955 qua
802 1914 850 1945 vel
887 1924 904 1945 a

172 1976 235 2008 quo
260 1971 470 2008 provocatum
495 1966 610 2005 l'uerit;
638 1962 715 1998 alias
741 1965 905 1998 inhibitio-

172 2028 228 2051 nes
255 2023 286 2050 et
309 2028 479 2060 processus
504 2024 535 2051 et
559 2019 634 2052 inde
670 2023 779 2051 secuta
810 2029 904 2061 quae—

173 2080 309 2113 cumque
343 2070 407 2102 sint
443 2070 510 2113 ipso
546 2071 614 2104 iure
653 2072 764 2111 nulla,
793 2071 904 2114 eisque

172 2122 306 2165 impune
330 2122 426 2156 liceat
449 2133 514 2155 non
539 2134 664 2166 parere.
699 2123 761 2156 Sed
794 2124 818 2156 si
851 2134 905 2166 ap-

173 2175 299 2218 pellans
323 2180 449 2207 asserat.
480 2176 657 2209 sententiae
683 2177 731 2208 vel
764 2174 906 2208 dccre1i2

173 2227 237 2260 sive
279 2227 505 2270 appellationis
546 2227 755 2271 interpositae
799 2238 905 2260 exem-

172 2280 260 2323 plum
285 2278 504 2312 authenticum
528 2279 647 2313 habere
673 2291 707 2313 se
728 2290 793 2313 non
811 2289 905 2322 posse

172 2333 265 2375 culpa
289 2331 415 2371 iudicis,
433 2341 450 2363 a
474 2342 550 2374 quo,
569 2333 617 2365 vel
642 2332 794 2371 actuarii,
819 2338 904 2371 tune,

174 2385 241 2417 sive
266 2384 533 2430 metropolitanus
550 2411 557 2424 ,
584 2385 648 2417 sive
674 2385 835 2427 praefatus
860 2385 907 2416 iu-

172 2437 231 2470 dex
258 2436 493 2470 ecclesiastieus
519 2437 697 2479 delegatus,
716 2437 906 2480 respective,

207 2507 218 2533 1
242 2505 354 2533 Videtur
373 2505 518 2541 legendum
537 2506 607 2540 ipsis
625 2507 664 2539 (a.
679 2507 728 2539 T.).

206 2550 223 2577 2
243 2549 313 2577 Edit.
334 2549 415 2577 Main.
435 2550 500 2585 legit
518 2550 637 2579 decretis
655 2551 695 2585 (n.
711 2551 759 2584 T.).

262 2603 346 2632 Bulz.
365 2603 449 2632 Rom.
471 2620 500 2623 -
528 2604 588 2634 t‘ol.
607 2603 700 2632 XXII.
843 2603 878 2632 85

1586 176 1649 208 ΝΜ

954 234 1100 276 iniungat
1125 233 1172 272 iis,
1199 233 1237 265 ad
1264 233 1361 276 quos¹
1388 233 1542 275 pertinet,
1570 238 1613 273 ut,
1641 243 1687 265 so-

954 288 1019 319 luta
1055 292 1199 320 actorum
1231 286 1406 326 mercede,
1441 287 1623 329 exemplum
1656 286 1687 317 in

954 339 1056 372 forma
1080 340 1238 382 probante
1266 339 1409 371 tradatur
1432 339 1608 381 appellanti
1642 339 1687 370 in-

953 397 1000 424 tra
1024 392 1154 425 brevem
1182 392 1370 424 terminum:
1396 396 1428 423 et
1454 391 1582 423 interim
1604 391 1686 424 nihil

953 444 1026 476 novi
1052 455 1159 478 coram
1184 444 1316 484 iudice,
1344 455 1360 477 a
1387 455 1470 487 quo,
1498 450 1610 477 contra
1635 455 1687 487 ap-

952 497 1127 539 pellantem
1154 501 1341 529 attentetur.

993 549 1007 591 ἓ
1033 548 1063 581 9.
1092 550 1115 580 A
1141 549 1279 582 decretis
1303 549 1558 589 Ordfflariorum,
1585 550 1616 581 In
1642 549 1686 581 vi-
1698 561 1879 586 nsaw-nauum

950 601 1102 634 sitatione
1140 602 1188 634 rel
1224 612 1283 644 pro
1321 602 1523 634 correctione
1561 587 1880 634 morumlmss'flssl'511'1'1ss.'‘'li

950 653 1070 692 editis,
1117 654 1225 686 nullus
1265 654 1307 686 sit
1345 654 1556 696 appellationi
1599 640 1880 686 locusffinumm«ea·-

948 705 1054 746 quoad
1080 704 1227 737 effectum
1257 706 1501 748 suspensivum,
1528 706 1589 738 nisi
1615 717 1686 739 cum

949 756 1105 795 visitator,
1133 757 1229 789 citata
1252 763 1359 801 parte,
1387 763 1418 790 et
1443 758 1589 790 adhibita
1615 768 1684 790 cau·

947 818 1000 841 sae
1026 809 1233 851 cegnitione,
1259 810 1454 842 iudicialiter
1480 811 1683 853 processerit,

948 866 979 894 et
1003 861 1036 893 in
1061 862 1131 895 aliis
1157 863 1283 895 casibus
1309 874 1325 895 a
1350 863 1418 896 iure
1445 864 1623 906 permissis.

991 913 1005 956 ξ
1030 913 1083 947 10.
1111 914 1187 947 Cum
1214 926 1229 947 a
1260 916 1469 957 gravamine,
1503 916 1590 958 quod
1627 926 1877 958 petr-»hamtunam

948 965 1144 999 definitivam
1171 968 1314 1009 reparari
1350 973 1490 1009 nequeat
1522 969 1571 1000 vel
1599 968 1684 1010 quod
1696 958 1880 1008 fidili]I'EJREZT

949 1019 1180 1061 praeiudiciale
1207 1021 1245 1052 sit.
1267 1048 1273 1058 ,
1309 1021 1516 1063 appellatur,
1554 1020 1683 1053 nonnisi
1696 1008 1880 1058 {»¹{1¹l⁵2=¹{lli¹0f¹⁰¹¹¹⁰'

949 1071 1020 1103 visis
1047 1073 1145 1112 actis,
1172 1084 1207 1105 ex
1236 1073 1353 1115 quibus
1385 1078 1519 1115 apparet
1553 1073 1591 1105 de
1618 1083 1687 1114 ‹gra-

949 1125 1082 1163 vamine,
1110 1126 1286 1168 appellatio
1308 1126 1510 1163 admittatur,
1528 1131 1580 1157 aut
1607 1125 1685 1157 inhi-

949 1176 1027 1209 bitio
1053 1178 1100 1210 vel
1127 1178 1269 1220 provisio
1296 1179 1360 1210 ulla
1386 1178 1594 1210 coucedatur.

991 1231 1005 1271 ὲ
1028 1229 1075 1261 ll.
1097 1229 1129 1262 ln
1145 1232 1238 1262 causa
1258 1230 1423 1262 indebitae
1443 1230 1684 1270 carcerationis,
1698 1241 1726 1260 ut·
1747 1227 1879 1260 „nathana-

949 1287 1106 1324 quatcuus
1121 1282 1162 1314 sit
1178 1288 1287 1315 secuta
1305 1293 1374 1314 cuni
1398 1283 1548 1314 mandato
1570 1267 1736 1315 iudicisfllss‘.
1767 1267 1879 1292 NJ'ffl'hffl‘

949 1333 1082 1373 verbali‚
1094 1335 1300 1377 possitiudex
1312 1335 1541 1377 appellationis
1557 1335 1685 1377 expedi-

949 1396 981 1418 re
997 1387 1210 1420 inhibitiones
1229 1388 1339 1430 vigore
1354 1387 1596 1430 appellationis,
1615 1397 1685 1419 con-

948 1438 1021 1472 stito
1047 1439 1112 1471 sive
1138 1450 1195 1481 per
1213 1440 1453 1482 depositionem
1479 1440 1617 1472 duorum
1645 1445 1685 1472 te-

949 1491 1045 1524 stium
1060 1492 1098 1524 de
1113 1493 1276 1532 mandato,
1298 1493 1362 1525 sive
1377 1502 1437 1535 per
1454 1493 1685 1525 documentum

950 1544 1065 1576 notarii
1083 1545 1131 1576 vel
1149 1545 1291 1577 custodis
1307 1555 1471 1577 carcerum
1488 1545 1527 1577 de
1543 1555 1685 1577 carcera-

950 1597 1050 1629 tione.
1068 1596 1101 1629 ln
1112 1597 1216 1630 causis
1228 1608 1303 1631 vero
1319 1597 1532 1630 comminatae
1547 1597 1683 1630 iniustae

949 1648 1194 1689 carcerationis,
1210 1651 1258 1683 vel
1275 1656 1427 1689 torturae,
1440 1651 1490 1683 vel
1509 1661 1684 1683 excommu-

949 1701 1127 1741 nicationis
1156 1713 1220 1734 non
1243 1702 1684 1745 expedianturinhibitiones

949 1755 1118 1796 generales
1156 1760 1187 1786 et
1221 1754 1433 1794 indelinitae,
1467 1755 1524 1788 sed
1562 1760 1685 1787 tantum

948 1807 1215 1849 compulsoriales
1233 1818 1292 1850 pro
1313 1807 1553 1840 transmissione
1571 1808 1684 1850 copiae

948 1864 1092 1892 actorum
1128 1860 1167 1892 ad
1207 1859 1355 1892 ellectum
1390 1861 1607 1902 cognoscendi
1645 1872 1685 1893 an

948 1911 988 1944 sit
1023 1911 1235 1944 deserendum
1273 1922 1333 1944 nec
1371 1922 1410 1944 ne
1447 1913 1685 1955 appellationi,

948 1964 1098 1997 adiuncta
1122 1964 1155 1996 in
1180 1964 1275 1997 dietis
1299 1965 1417 1997 litteris
1450 1967 1685 2008 compulsoria-

950 2016 1032 2049 libus
1056 2016 1255 2050 inhibitione
1291 2022 1325 2049 ut
1358 2017 1487 2050 interim
1521 2019 1642 2059 iudex,
1669 2031 1686 2051 a

949 2079 1025 2112 quo,
1053 2069 1091 2101 ad
1117 2068 1272 2102 ulteriora
1299 2079 1363 2102 non
1388 2071 1583 2113 procedatur
1601 2071 1628 2111 ‘²3
1655 2076 1686 2104 et

949 2127 1107 2164 (pratentis
1126 2148 1133 2161 ,
1158 2121 1231 2154 visis
1256 2122 1337 2154 actis
1353 2149 1360 2163 ‚
1386 2123 1522 2157 resultet
1555 2124 1685 2157 evidens

949 2184 1121 2216 gravamen
1141 2201 1148 2214 ,
1178 2180 1252 2206 tunc
1285 2175 1473 2208 admittatur
1509 2177 1685 2219 appellatio

950 2235 1021 2258 cum
1045 2225 1263 2266 inhibitione,
1289 2231 1320 2258 et
1344 2237 1440 2259 causa
1472 2235 1687 2270 cognoscatur

949 2288 1057 2311 coram
1081 2278 1206 2319 iudice,
1232 2280 1271 2312 ad
1296 2290 1403 2322 quem.
1429 2280 1460 2313 Si
1480 2291 1555 2314 vero
1573 2282 1612 2314 de
1628 2282 1686 2314 liu-

949 2331 1089 2364 iusmodi
1115 2332 1300 2373 gravamine
1327 2343 1390 2366 non
1416 2339 1557 2374 constet,
1577 2334 1686 2368 remit-

951 2388 1034 2416 tatur
1058 2394 1155 2416 causa
1180 2384 1218 2416 ad
1245 2384 1385 2417 iudicem
1417 2397 1433 2418 a
1469 2397 1532 2429 quo
1565 2398 1686 2429 cogno·

949 2437 1069 2469 scenda
1093 2436 1126 2468 in
1152 2436 1254 2479 prima
1278 2437 1440 2470 instantia.

1697 186 1745 210 An.
1765 186 1790 210 t).
1817 187 1881 213 17⁵2&

985 2508 995 2533 1
1018 2505 1089 2532 Edit.
1110 2505 1194 2532 Main.
1216 2506 1280 2541 legit
1299 2508 1375 2542 quod
1395 2516 1443 2544 pro
1463 2517 1533 2544 quos
1553 2512 1593 2545 (n.
1611 2511 1648 2545 Τ).

982 2550 998 2577 2
1017 2549 1107 2578 Potius
1126 2549 1185 2585 lege
1201 2551 1340 2585 procedat
1359 2552 1399 2587 (n.
1422 2552 1472 2587 aa).
