2170 3147
224 241 269 266 Au.
289 239 316 266 C.
344 237 410 265 1725)

457 229 520 263 70ss

417 299 517 321 onere
537 288 568 321 in
596 293 642 321 tot
660 288 818 320 fructibus
837 288 984 320 locorum
1004 287 1162 320 montium

419 353 434 375 a
461 343 514 375 die
540 341 762 385 possessionis
789 340 978 383 specialiter
1003 346 1037 373 ut
1068 351 1164 384 supra

420 400 651 437 :ittergatorum
678 404 738 438 pro
772 393 900 435 integra
926 395 1069 436 congrua
1101 393 1164 437 ipsi

421 449 591 486 reserrata,
611 447 851 490 comprehensa
872 446 1033 490 pensione
1049 446 1164 479 domus

420 501 451 531 in
491 501 596 532 locum
634 498 850 532 habitationis
877 499 1099 542 paroehialiS,
1130 510 1166 532 ae

420 564 478 595 pro
506 553 592 585 omni
620 559 650 586 et
677 558 745 585 toto
771 563 809 585 eo
839 552 926 596 quod
956 552 1023 595 ipse
1051 552 1165 595 quovis

421 611 591 649 praetextu
618 612 648 639 et
673 608 771 639 eausa
793 605 1010 649 praetendere
1032 616 1166 648 quomo-

421 660 542 692 dolibet
563 667 685 703 posset,
707 665 738 692 et
756 670 828 692 eum
851 658 1165 698 confirmationum,

421 713 696 751 revocationibus,
724 712 1018 753 reservationilms,
1038 717 1070 745 et
1094 712 1166 745 aliis

422 766 453 798 in
488 767 605 799 eodem
644 765 869 809 chirographo
907 765 1093 809 expressis,
1124 766 1166 798 ei-

422 821 494 852 dem
523 819 799 853 reverendissimo
825 819 912 863 patri
937 819 1091 862 magistro
1117 829 1166 861 gc-

422 873 552 913 uerali,
588 874 723 916 eiusque
756 873 938 916 respective
971 872 1167 906 successori-

421 926 481 958 bus
502 926 688 959 facultatem
708 931 739 959 et
761 925 987 959 auctoritatem
1009 926 1166 969 privative

422 979 530 1022 quoad
564 990 676 1013 omnes
703 980 783 1013 alios
808 979 972 1023 eligendi,
1000 985 1032 1015 et
1063 980 1167 1013 nomi-

422 1032 520 1065 nandi
547 1033 744 1066 reverendos
771 1033 971 1076 paroclium,
999 1033 1164 1077 priorem,

421 1086 576 1118 ricarium
598 1097 654 1119 seu
681 1092 854 1127 rectorem,
881 1086 1110 1127 confessarios,
1136 1098 1168 1119 a·

422 1139 550 1182 liosque
578 1139 752 1182 religiosos
781 1145 842 1172 tam
861 1140 1047 1173 sacerdotes
1073 1150 1168 1182 quam

423 1193 525 1225 laicos
553 1193 592 1225 de
619 1193 740 1225 familia
765 1193 978 1226 collocandos
1004 1193 1034 1225 in
1055 1193 1168 1225 eadem

424 1246 560 1278 ecelesia
585 1246 614 1279 S.
633 1246 754 1279 Nicolai
782 1247 919 1290 eiusque
946 1247 1043 1279 domo
1072 1257 1169 1290 paro-

423 1298 678 1342 ‹·liiali‚praeria
689 1305 793 1332 tamen
804 1299 1168 1343 appi'obatione,quoad

423 1352 589 1395 parochos
612 1358 643 1385 et
664 1353 896 1393 confessarios,
917 1353 1168 1386 eminentissimi

425 1412 456 1438 et
475 1407 739 1440 reverendissimi
758 1407 882 1440 domini
899 1407 1072 1440 cardinalis
1089 1406 1170 1440 vica-

425 1459 474 1499 rii,
503 1470 540 1492 ac
565 1460 633 1493 sine
656 1460 878 1503 praeiudicio,
898 1461 1005 1504 quoad
1025 1461 1168 1504 reliqua,

424 1512 660 1545 iurisdictionis
693 1513 871 1547 admodum
910 1514 1168 1547 reverendorum

425 1573 553 1609 patruni
574 1567 823 1610 1iii·orincialium
844 1578 903 1611 pro
923 1573 1071 1612 tempore
1094 1579 1170 1612 pro-

426 1620 552 1653 rineiae
587 1631 761 1662 romanae,
799 1622 886 1654 iuxta
922 1621 1171 1665 dispositionem

426 1674 718 1714 fonsiiiunomim,
753 1675 862 1718 legum
897 1680 929 1708 et
961 1675 1170 1708 decretorum

427 1727 573 1760 eiusdem
589 1727 730 1767 Ordinis,
747 1738 878 1761 necnon
894 1728 924 1760 iu
944 1728 1055 1761 eadem
1071 1730 1172 1762 eecle-

426 1780 473 1812 sia
487 1785 517 1813 et
533 1780 629 1813 domo
644 1781 836 1824 parochiali,
852 1792 966 1814 eorum
982 1781 1127 1822 arbitrio,
1142 1787 1172 1815 et

427 1834 548 1876 absque
575 1834 638 1867 alio
665 1835 877 1878 beneplacito
904 1835 1100 1878 apostolico,
1127 1835 1172 1868 in-

428 1888 518 1920 dulto
545 1898 601 1920 seu
620 1888 753 1921 lieentia
770 1898 882 1921 sacrae
901 1888 1172 1932 Congregationis

429 1941 662 1985 episcoporum
690 1947 720 1974 et
745 1941 947 1985 regularium
969 1952 1005 1975 ac
1030 1942 1173 1986 discipli-

428 1994 550 2037 plinae,
579 1995 729 2038 erigendi
756 2001 787 2028 et
812 1995 971 2028 fundandi
1005 1996 1173 2029 formalem

429 2054 624 2081 conventum
662 2049 808 2083 ciusdem
835 2050 987 2092 Ordinis,
1013 2050 1118 2083 modis
1143 2056 1174 2083 et

429 2102 540 2134 l'oruiis
561 2103 591 2134 in
614 2103 729 2136 codem
751 2104 973 2147 chirographo
998 2104 1172 2147 expressis,

429 2156 525 2188 simili
544 2156 739 2190 auctoritate
766 2157 974 2190 concedimus
1000 2163 1031 2190 et
1056 2157 1175 2201 impar-

431 2209 538 2249 timur,
561 2214 592 2241 et
616 2221 674 2253 pro
693 2210 948 2253 praemissorum
968 2211 1112 2244 omnium
1132 2211 1175 2243 es-

431 2263 516 2295 l'cctu
543 2269 575 2295 et
599 2264 822 2307 exequutione
841 2275 1065 2308 quaecumque
1084 2276 1175 2298 man-

431 2316 504 2348 data
529 2317 568 2349 de
597 2317 842 2360 reintegrando,
872 2318 1090 2359 immittendo,
1110 2330 1175 2352 ma-

432 2370 628 2410 nutenendo,
652 2372 861 2414 expellendo,
890 2377 921 2403 ct
946 2372 1009 2405 alia
1035 2373 1175 2416 desuper

431 2424 618 2456 neccssaria
656 2425 864 2458 decernimus
902 2431 933 2458 et
968 2428 1172 2468 relaxamus,

431 2475 516 2508 iuxta
542 2476 574 2508 in
600 2478 751 2510 omnibus
770 2484 802 2511 et
819 2490 878 2522 per
896 2479 1005 2512 omnia
1024 2480 1171 2522 sormam,

432 2530 549 2561 seriem
571 2542 607 2562 ae
635 2536 782 2564 tenorem
808 2534 977 2566 memorati
1004 2534 1175 2577 chirogra-

430 2581 500 2623 pbi,
519 2592 583 2614 non
602 2584 806 2616 obstantibus
834 2586 1126 2619 constitutionibus
1143 2592 1175 2619 et

1005 235 1191 262 BULLARIUM
1215 234 1374 261 ROMANUM

1208 285 1341 318 decreto
1366 296 1478 318 sacrae
1504 284 1776 329 Congregutionis
1804 283 1954 318 visitatio·

1209 338 1258 371 nis
1285 338 1485 382 apostolicae
1504 349 1539 371 ac
1557 338 1648 372 Brevi
1674 343 1804 371 sanctae
1830 348 1954 371 memo-

1210 391 1275 424 riae
1295 391 1479 425 innocentii
1498 392 1534 430 X,
1557 392 1698 425 decretis
1724 397 1756 424 et
1780 391 1953 425 resolutio-

1210 445 1306 477 nibus
1329 455 1493 478 saerarum
1519 444 1812 488 Congrcgationum
1831 444 1955 488 episco—

1210 509 1326 541 porum
1365 502 1396 530 et
1432 497 1632 539 regularium
1667 508 1704 530 ac
1736 497 1954 541 disciplinae,

1209 551 1367 592 conciliis,
1403 551 1548 594 legibus,
1587 551 1734 592 statutis,
1771 551 1955 595 ceterisque

1210 605 1293 644 aliis,
1311 605 1431 648 quibus
1453 604 1537 637 idem
1559 604 1781 637 sanctissimus
1804 604 1956 637 dominus

1208 663 1320 691 noster
1338 659 1422 702 Papa
1449 658 1480 691 in
1501 658 1703 702 praeinserto
1730 658 1955 701 chirographo

1210 712 1390 755 derogavit.
1410 712 1445 744 ln
1472 722 1612 755 quorum
1639 711 1745 752 sidem,
1772 717 1832 744 etc.

1254 765 1367 798 Datum
1391 765 1524 805 Romae,
1544 775 1581 798 ex
1608 765 1729 808 palatio
1744 764 1906 805 Vaticano,
1926 769 1958 797 et

1211 829 1247 851 ex
1275 818 1411 851 aedibus
1437 817 1569 858 nostris,
1598 818 1658 850 bae
1688 817 1740 850 die
1773 827 1818 850 x11
1849 816 1957 850 martii

1211 881 1381 905 noccxxix.
1400 891 1443 895 —
1468 872 1677 905 Benssnie'rrs
1701 871 1784 904 Pam
1809 869 1889 903 XIII.

1246 934 1309 961 Dat.
1327 933 1374 961 die
1393 933 1422 961 ¹⁰2
1438 933 1529 961 martii
1547 933 1632 967 1729,
1650 933 1752 968 pontit.
1771 940 1845 960 anno
1862 939 1886 960 v.

1460 1061 1463 1063 ’
1509 1077 1661 1111 eeval.

1212 1158 1456 1202 Di'spenscmlar
1481 1163 1509 1191 el
1534 1158 1750 1191 absolvuntur
1766 1168 1786 1190 a
1803 1162 1872 1191 volo
1889 1168 1960 1191 ma-

1255 1213 1414 1255 yislralus
1439 1216 1466 1245 el
1492 1212 1584 1245 electi
1615 1212 1758 1245 civitatis
1782 1212 1961 1255 Pampilo-

1257 1267 1380 1306 nensis,
1410 1277 1473 1309 quo
1497 1276 1562 1298 sese
1587 1265 1836 1298 adstrinxerunt
1861 1265 1963 1298 sceni-

1257 1329 1309 1351 cas
1330 1329 1442 1362 operas
1460 1325 1487 1352 el
1505 1319 1684 1352 comoedias
1700 1318 1794 1352 millo
1811 1328 1961 1362 unquam

1260 1377 1400 1416 (empore
1422 1373 1641 1416 permissuros
1655 1373 1677 1405 ¹.

1391 1453 1576 1480 Benedictus
1598 1452 1680 1486 Papa
1701 1452 1782 1479 xm.

1423 1498 1506 1524 Motu
1527 1497 1663 1531 proprio,
1686 1500 1744 1525 etc.

1259 1570 1273 1613 ᾗ
1308 1570 1339 1602 ll.
1374 1569 1499 1613 Expoui
1539 1579 1645 1613 nuper
1681 1569 1775 1602 nobis
1813 1569 1961 1602 fecerunt

1214 1623 1423 1665 magistratus
1456 1634 1512 1656 seu
1548 1623 1645 1656 electi
1678 1622 1801 1666 publici
1828 1632 1962 1666 reprae-

1216 1681 1381 1710 sentantes
1402 1676 1540 1709 civitatis
1568 1676 1843 1720 pampilonensis,
1861 1675 1961 1719 quod,

1216 1741 1288 1762 eum
1322 1730 1384 1774 ipsi
1412 1731 1451 1763 de
1476 1741 1563 1763 anno
1588 1740 1733 1764 nnecxxl
1751 1758 1758 1771 ,
1786 1736 1821 1762 ut
1845 1740 1862 1763 a
1887 1739 1963 1762 con-

1217 1783 1303 1828 tagio
1341 1794 1397 1816 seu
1439 1783 1646 1827 pestilentiae
1682 1783 1868 1816 imminenti
1910 1783 1964 1816 ssa-

1217 1838 1304 1880 gello
1331 1837 1561 1877 liberarentur,
1580 1848 1651 1870 eum
1677 1837 1913 1880 approbatione
1931 1842 1963 1870 et

1217 1901 1381 1924 consensu
1420 1890 1527 1923 vicarii
1560 1890 1745 1933 generalis,
1778 1890 1873 1924 etiam
1906 1900 1963 1923 no-

1217 1944 1303 1977 mine
1340 1943 1458 1977 civium
1493 1949 1525 1976 ct
1560 1944 1741 1976 incolarum
1772 1943 1962 1987 praedictae

1217 1997 1365 2036 civitatis,
1393 1997 1523 2030 illorum
1550 2001 1657 2029 tamen
1684 2006 1846 2030 consensu
1871 2006 1964 2040 prae-

1218 2050 1374 2083 cedenter
1399 2061 1464 2083 non
1500 2049 1676 2093 requisito,
1703 2055 1778 2083 voto
1800 2055 1962 2093 perpetuo

1219 2114 1290 2137 sese
1317 2103 1564 2144 adstrinmrint,
1592 2104 1683 2136 nullo
1709 2113 1853 2146 unquam
1887 2107 1966 2136 tem-

1219 2168 1297 2201 pore
1323 2157 1468 2191 seenieas
1493 2167 1609 2200 operas
1634 2167 1689 2190 seu
1714 2156 1899 2190 comoedias
1919 2155 1963 2189 sa-

1219 2222 1309 2253 cere,
1336 2222 1397 2245 nee
1422 2211 1491 2244 illas
1518 2211 1589 2244 sieri
1618 2211 1827 2255 permittere,
1856 2220 1963 2254 neque

1219 2271 1330 2299 coetus
1348 2264 1593 2299 eomoediorum
1611 2275 1668 2298 seu
1689 2264 1888 2297 histrionum
1906 2263 1964 2296 ad-

1219 2319 1372 2359 mittere,
1401 2324 1432 2352 et
1465 2318 1628 2358 subinde,
1656 2328 1778 2361 paucos
1810 2321 1886 2361 post
1910 2327 1965 2350 an-

1219 2383 1278 2406 nos
1312 2372 1376 2405 voti
1410 2376 1561 2415 prompte
1593 2372 1725 2411 servati,
1755 2376 1836 2404 teste
1868 2380 1964 2414 expe-

1219 2426 1337 2459 rientia
1376 2425 1567 2468 agnoverint
1603 2424 1690 2457 illius
1724 2424 1963 2458 observantiam

1254 2516 1263 2541 1
1290 2514 1326 2542 De
1347 2514 1559 2541 commutatione
1589 2513 1721 2548 praedicti
1752 2513 1804 2541 voti
1831 2521 1892 2540 cum
1911 2513 1963 2541 alio

1217 2567 1310 2594 opere,
1333 2559 1393 2586 vide
1413 2558 1480 2586 alias
1500 2558 1581 2585 huius
1602 2558 1745 2585 Pontificis
1764 2558 1874 2586 constit.
1895 2557 1960 2585 edit.

1217 2610 1353 2638 neruum,
1375 2603 1418 2630 die
1437 2604 1453 2629 9
1475 2602 1575 2638 martii,
1601 2602 1696 2638 pontif.
1719 2610 1738 2636 1,
1768 2606 1794 2630 et
1818 2609 1961 2637 mnecxxvx,

430 2634 694 2669 ordiimtionibus
721 2638 912 2680 apostolicis
930 2650 1028 2683 supra
1053 2640 1172 2681 relatis,
1217 2648 1259 2676 die
1279 2649 1312 2675 es
1333 2649 1439 2683 aprilis,
1460 2648 1556 2682 pontis.
1578 2654 1606 2675 u,

1960 234 2013 263 An.
2029 233 2058 263 C.
2076 235 2143 266 1729

1974 1576 2027 1597 Vota
2043 1576 2150 1604 praedicto

1972 1609 2019 1624 sese
2038 1604 2151 1625 adstrinxe-

1973 1632 2020 1651 1'unt
2044 1631 2150 1655 magistra-

1973 1659 2006 1677 tus
2063 1657 2150 1678 cii-ilaus

1973 1683 2089 1710 praefatae,
2105 1685 2125 1704 ut
2138 1689 2150 1704 a

1973 1711 2072 1736 contagio
2103 1710 2152 1732 libe·

1974 1740 2078 1758 rareutur.
