2170 3147
233 227 270 252 Αη
301 226 328 252 C.
351 226 417 252 ¹722}

259 552 341 572 Caum
354 552 416 572 haia:

232 582 314 600 statutt.

234 1138 340 1159 statutum
357 1143 418 1163 prae-

235 1165 313 1185 dtvtum
361 1167 418 1184 m‹·tu

234 1197 320 1218 propi-io
334 1191 419 1211 tactui-1.

263 1992 363 2013 omunia
370 1998 388 2014 ι’.

463 217 527 251 310
1007 224 1189 249 naumann

472 276 507 307 in
549 280 646 308 cantu
684 279 727 314 ee,
755 275 870 307 habitu
909 274 1172 317 uniformitatem

471 335 594 361 servent
621 327 640 361 ⁴.
698 332 728 358 v

603 413 788 440 Benedictus
810 414 888 446 Papa
907 413 992 442 xm.

546 459 583 486 ad
602 461 782 492 perpetuam
802 458 847 484 rei
868 457 1052 485 memoriam.

471 539 566 579 Cum,
593 538 678 571 sicut
702 538 899 582 accepimus,
927 538 1012 571 inter
1037 537 1172 571 dilectos

428 592 511 626 filios
551 592 665 625 fratres
709 591 1007 635 Congrcgationum
1043 591 1172 630 ltaliae,

427 646 632 686 Germaniae,
651 645 783 685 Galliac,
803 646 989 688 Hispaniae,
1008 645 1172 678 Indiarum
1195 667 1196 681 i

428 706 458 733 et
479 700 663 733 Lusitaniae
683 699 812 732 Ordinis
836 699 1043 732 eremitarum
1061 699 1092 732 S.
1114 700 1172 731 Au-
1195 697 1196 701 ’

427 753 548 796 gustini
591 753 864 786 Discalceatorum
910 758 1171 795 nuncupatorum
1195 743 1196 758 ¹

428 807 597 850 multiplex
625 813 655 839 et
673 817 788 848 magna
815 806 986 838 diversitas
1006 811 1069 838 tam
1088 806 1173 838 circa
1195 800 1197 858 ἑ

427 860 652 893 recitationem
672 859 773 892 divini
793 859 889 892 officii
911 860 941 891 in
960 858 1171 901 choro,(piod
1195 861 1197 868 ¹

429 915 460 947 in
487 913 678 957 quibusdam
697 913 913 946 conventibus
931 919 961 945 et
983 912 1172 955 regionibns

429 978 501 1001 cnm
527 973 621 1000 cantu
649 978 706 1000 seu
735 969 823 1006 nota,
845 967 875 999 in
903 967 974 999 aliis
1001 977 1077 999 vero
1103 965 1173 998 sine

429 1027 524 1054 cantu
562 1027 595 1053 et
631 1012 706 1053 nolti
731 1020 937 1059 celebratur,
964 1030 1061 1063 qnam
1088 1019 1174 1052 circa

429 1075 576 1108 habitum
608 1075 789 1117 regularem
817 1074 999 1106 introducta
1026 1074 1084 1105 sit:

474 1129 488 1172 ἓ
514 1129 545 1161 1.
572 1128 646 1167 Nos,
669 1133 703 1159 ut.
729 1127 935 1159 uniformitas
955 1127 984 1159 in
1005 1126 1054 1159 his
1073 1126 1175 1159 omni-

430 1182 489 1214 bus
503 1192 539 1214 ex
556 1180 719 1214 commissi
739 1180 833 1212 nobis
852 1180 986 1212 caelitus
1005 1180 1174 1222 pastoralis

430 1234 526 1268 officii
554 1234 657 1267 nostri
684 1234 794 1266 debito
821 1239 974 1272 servetur,
1000 1232 1175 1276 providere

429 1288 620 1332 cupientes,
646 1294 735 1320 motu
768 1287 921 1330 proprio,
949 1297 985 1319 ac
1017 1298 1054 1319 ex
1087 1289 1175 1318 certa

430 1343 565 1376 scientia
586 1348 618 1375 et
643 1344 768 1374 matura
786 1340 1027 1374 deliberatione
1045 1341 1174 1379 nostris,

431 1396 537 1439 deque
555 1395 757 1439 apostolicae
773 1395 946 1438 potestatis
961 1394 1175 1437 plenitudine,

431 1449 557 1483 dilectis
589 1449 663 1482 filiis
694 1448 821 1481 vicariis
848 1447 1072 1490 generalibus,
1104 1458 1200 1489 pro-4

430 1502 623 1536 vinciattbus
649 1508 680 1535 et
705 1501 982 1539 conventualibus,
998 1501 1176 1544 prioribus,
1199 1505 1200 1523 ³

431 1566 468 1589 ac
490 1556 649 1588 universis
677 1555 830 1587 fratribus
857 1554 1066 1587 Discalceatis
1090 1554 1178 1587 Ordi-

432 1609 481 1642 nis
517 1615 549 1642 et
581 1608 879 1651 Congregationum
907 1608 1117 1648 huiusmodi,
1144 1614 1201 1652 nt,

432 1669 496 1697 tam
521 1664 594 1706 ipsi,
613 1674 709 1706 quam
736 1663 835 1695 ceteri
862 1673 976 1695 omues
1003 1667 1035 1694 et
1056 1662 1177 1703 singuli
1199 1654 1200 1666 ¹

432 1721 620 1750 carumdem
635 1715 932 1759 Congrcgationnm
949 1715 1091 1758 religiosi
1109 1726 1179 1758 pro-

431 1771 509 1804 fessi
529 1770 781 1803 uniformitatem
801 1769 831 1801 in
852 1776 945 1802 cantu
965 1769 1178 1810 Gregoriam,

432 1826 545 1857 rasura
570 1830 602 1856 et
627 1823 758 1867 caputio
787 1823 929 1856 rotundo
956 1822 1092 1855 omuino
1111 1827 1201 1855 ser-'

432 1888 507 1911 vare
527 1883 707 1917 teneantur,
724 1877 839 1909 harum
859 1877 941 1910 serie
960 1876 1179 1920 praecipimus
1200 1875 1201 1916 l

434 1937 466 1965 et
489 1932 692 1964 mandamns.

478 1985 493 2029 ἓ
523 1984 553 2018 9.
593 1985 837 2024 Decernentes,
866 1984 950 2027 ipsas
987 1989 1202 2027 praesentes¹

434 2039 562 2072 litteras
587 2049 719 2081 semper
744 2037 863 2077 firmas,
883 2037 1007 2070 validas
1027 2043 1058 2069 et
1075 2037 1181 2070 effica-
1200 2026 1203 2082 i

434 2102 487 2125 ces
524 2091 665 2124 existere
708 2096 738 2123 et
763 2090 855 2131 fore,
882 2101 1029 2133 suosque
1068 2091 1202 2133 plena-3

434 2145 500 2179 rios
526 2150 558 2178 et
582 2145 730 2186 integros
755 2143 890 2177 effectus
917 2143 1026 2176 sortiri
1061 2149 1093 2176 et
1123 2144 1202 2176 οἲ)-Ἰ

436 2198 549 2238 tinere,
569 2208 629 2231 nee
648 2198 687 2230 de
705 2197 930 2240 subreptionis
949 2197 998 2229 vel
1017 2196 1180 2239 obreptio·
1201 2234 1203 2254 Ι

1216 223 1372 248 ΠΟΜΑΝῙΙΜ

1217 273 1472 307 controversiam
1505 274 1629 313 vocari,
1656 278 1710 306 aut
1736 273 1773 307 ad
1803 272 1962 307 terminos

1218 326 1297 358 iuris
1316 327 1425 359 reduci
1444 337 1563 370 posse,
1584 327 1698 370 sicque
1717 327 1748 360 in
1768 326 1961 370 praemissis

1218 390 1276 421 per
1301 390 1528 423 quoscumque
1554 380 1679 413 iudices
1711 380 1896 413 ordinarios
1932 383 1964 411 et

1218 432 1402 473 delegatos,
1422 432 1517 465 etiam
1544 443 1715 465 causarum
1746 431 1857 474 palatii
1888 441 1964 474 apo-

1218 485 1322 518 stolici
1350 485 1523 525 auditores,
1550 485 1685 518 iudicari
1708 490 1739 517 et
1764 484 1890 517 definiri
1909 483 1964 517 de-

1219 537 1306 577 bere,
1325 549 1359 570 ac
1386 538 1512 570 irritum
1533 543 1564 570 et
1581 538 1676 570 inane
1696 537 1721 570 si
1747 547 1840 570 secus
1865 547 1964 575 snper

1220 591 1268 622 his
1287 601 1302 622 a
1321 601 1495 634 quoquam,
1510 591 1622 633 quavis
1641 591 1845 627 auctoritate,
1861 590 1964 623 scien-

1220 649 1267 676 ter
1293 645 1340 677 vel
1368 644 1568 685 ignoranter,
1594 645 1748 687 contigeri
1775 643 1938 677 attentari.

1262 697 1277 740 ἓ
1301 697 1332 729 3.
1360 697 1429 730 Non
1456 697 1662 730 obstantibus
1690 697 1905 740 praemissis,
1927 707 1965 730 ac

1219 751 1506 783 constitutionilnis
1534 756 1565 783 et
1591 750 1854 784 ordinationibus
1887 760 1964 793 apo-

1220 804 1355 841 stolicis,
1371 815 1510 843 necnon,
1529 810 1685 847 quatenus
1705 814 1786 846 opus
1803 803 1854 842 sit,
1872 802 1965 836 Ordi-

1221 858 1269 890 nis
1286 863 1317 890 et
1337 857 1633 900 Congregationum
1657 856 1854 895 huiusmodi,
1869 856 1964 890 etiam

1221 912 1425 951 iuramento,
1466 910 1716 944 confirmatione
1756 910 1964 953 apostolica,

1219 967 1267 999 vel
1293 965 1404 1008 quavis
1431 965 1587 997 firmitate
1613 965 1675 997 alia
1697 963 1877 1002 roboratis,
1903 968 1966 996 sta·

1222 1019 1296 1051 tutis
1316 1024 1347 1051 et
1365 1018 1671 1058 consuetudinibus,
1691 1016 1870 1061 privilegiis
1889 1026 1967 1060 quo-

1965 221 2016 249 An.
2037 225 2066 249 (ἑ.
2089 224 2154 252 ΠΞΕ

2043 709 2157 738 ὓςντοῑιευο

1975 738 2135 758 contrariorum.

1197 1083 1298 1117 oue,
1332 1072 1468 1105 indultis
1499 1078 1529 1106 et
1562 1072 1679 1105 litteris
1711 1070 1901 1115 apostolicis
1932 1070 1964 1103 in

1220 1126 1420 1160 contrarium
1439 1125 1697 1169 praemissorum
1717 1123 1966 1169 quomodolibet

1220 1180 1397 1219 concessis,
1422 1178 1623 1211 confirmatis
1641 1184 1673 1211 et
1696 1177 1870 1218 innovatis;
1897 1176 1966 1220 qui-

1222 1233 1280 1265 bus
1308 1232 1459 1264 omnibus
1485 1236 1517 1264 et
1541 1231 1686 1273 singulis,
1718 1231 1848 1264 illorum
1876 1235 1966 1263 teno-

1222 1296 1273 1318 res
1289 1284 1517 1328 praesentibus
1534 1295 1591 1327 pro
1606 1286 1703 1327 plene
1722 1290 1754 1317 et
1769 1283 1966 1317 sufficienter

1198 1339 1386 1382 'expressis
1419 1349 1455 1371 ac
1488 1339 1527 1371 dc
1558 1338 1658 1371 verbo
1690 1338 1729 1370 ad
1757 1339 1888 1371 verbum
1920 1338 1966 1371 in-

1198 1398 1200 1407 '
1221 1392 1317 1426 sertis
1345 1392 1518 1430 habentes,
1538 1391 1604 1425 illis
1622 1391 1699 1424 alias
1718 1391 1749 1424 in
1768 1402 1826 1425 suo
1847 1391 1965 1425 robore

1222 1445 1456 1490 permansuris,
1475 1445 1513 1478 ad
1533 1445 1788 1488 praemissorum
1807 1444 1965 1485 effectum,

1224 1501 1283 1532 hac
1308 1500 1375 1533 vice
1394 1500 1569 1538 dumtaxat,
1587 1499 1772 1538 specialiter
1789 1504 1820 1531 et
1838 1508 1968 1542 expres-

1222 1564 1254 1586 se
1275 1554 1490 1595 derogamus;
1511 1552 1694 1596 ceterisque
1712 1551 1880 1585 contrariis
1899 1551 1967 1595 qui·

1223 1607 1440 1649 bnscnmquc.

1265 1660 1280 1703 ,ξ
1305 1659 1336 1692 4.
1365 1659 1518 1692 Volumus
1543 1665 1651 1692 autem
1684 1664 1718 1691 ut
1746 1657 1966 1702 praesentium

1222 1714 1402 1747 litterarum
1438 1712 1666 1756 transumptis,
1701 1723 1756 1745 sen
1790 1712 1965 1755 exemplis,

2027 1666 2090 1688 Fides
2105 1669 2161 1689 trau-

1977 1697 2114 1721 sumptorum.

1199 1782 1201 1809 g
1222 1769 1320 1801 etiam
1345 1766 1527 1810 impressis,
1562 1777 1659 1799 manu
1686 1765 1823 1799 alicuius
1848 1764 1966 1799 notarii

1223 1821 1345 1864 publici
1378 1819 1578 1863 subscriptis,
1605 1826 1636 1852 et
1667 1820 1776 1861 sigillo
1802 1829 1965 1862 personae

1225 1876 1255 1908 in
1275 1875 1493 1908 ecclesiastica
1515 1874 1672 1916 dignitate
1691 1875 1885 1906 constitutae
1903 1883 1968 1905 mn-

1200 1925 1318 1969 }‘nitis‚
1353 1928 1466 1961 cadem
1502 1938 1640 1971 prorsus
1679 1927 1757 1960 tides
1784 1927 1815 1959 in
1847 1925 1966 1960 indicio

1201 1987 1256 2016 'et
1281 1988 1370 2015 extra
1400 1981 1607 2021 adhibeatur,
1637 1991 1718 2024 quac
1751 1980 1968 2013 adhiberetur

1224 2035 1302 2079 ipsis
1335 2035 1564 2079 praesentibus
1600 2034 1623 2067 si
1662 2034 1769 2067 forent
1801 2033 1965 2067 exhibitae

1223 2091 1272 2123 vel
1298 2095 1461 2123 ostensae.

1268 2145 1381 2177 Datum
1410 2143 1545 2183 Romae,
1571 2142 1656 2186 apud
1683 2142 1714 2175 S.
1739 2141 1879 2181 Petrum,
1906 2146 1967 2175 sub

1224 2199 1347 2231 annulo
1388 2196 1587 2236 piscatoris,
1632 2195 1683 2228 die
1724 2205 1789 2229 xxn
1830 2194 1966 2228 ianuarii

435 2251 485 2284 nis
518 2257 571 2284 aut
606 2251 767 2284 nullitatis
793 2250 871 2283 vitio
896 2261 953 2283 scu
987 2249 1179 2283 intentionis
1201 2275 1202 2278 η
1222 2260 1395 2289 moccxxvi,
1421 2248 1632 2293 pontificatus
1651 2249 1755 2281 nostri
1782 2258 1921 2282 annon.

435 2310 576 2345 nostrae,
603 2311 658 2337 ant
683 2304 842 2337 interesse
875 2304 1068 2337 habentium
1105 2309 1202 2347 con-j

436 2369 571 2398 sensus,
599 2358 701 2391 aliove
727 2357 877 2401 quolibet
902 2358 1030 2391 defectu
1056 2356 1178 2398 notari,
1201 2368 1202 2371 ¹

435 2411 640 2455 impugnari,
663 2412 813 2455 infringi,
840 2412 1024 2452 retractari,
1053 2422 1110 2445 sen
1148 2412 1179 2444 iu

474 2502 484 2526 t
508 2499 632 2526 Facultas
652 2500 768 2526 canendi
790 2500 875 2527 Horas
895 2500 1040 2527 canonicas
1057 2508 1104 2535 pro
1120 2507 1181 2535 pro·
1201 2518 1203 2536 ὲ

436 2544 523 2570 vincia
544 2544 675 2570 Franciae
696 2544 853 2570 eorumdem
873 2544 988 2571 fratrum
1008 2545 1080 2571 sacta
1100 2544 1181 2570 suita

436 2587 573 2615 Clemente
594 2586 634 2619 Xl,
656 2592 742 2615 ronst.
762 2587 825 2615 edit.
843 2595 930 2621 nocet,
947 2589 990 2615 (lie
1006 2589 1040 2615 ⁶29
1055 2588 1179 2623 ianuarii,

437 2632 532 2668 pontis.
555 2638 572 2658 1.

1261 2313 1308 2339 Dat
1327 2312 1372 2338 die
1391 2311 1425 2339 Ἡ
1445 2310 1560 2338 ianuarii
1583 2310 1660 2345 1726,
1682 2309 1780 2345 pontif.
1801 2317 1871 2337 anno
1891 2315 1918 2335 n.

1557 2462 1630 2496 CVI.

1201 2555 1203 2625 l
1223 2570 1375 2613 Erz'yz'tur
1401 2579 1483 2602 nova
1505 2568 1677 2612 provincia
1693 2567 1729 2599 in
1751 2575 1849 2609 reqno
1874 2565 1967 2600 Polo-

1268 2622 1342 2656 φαῖσι·
1357 2632 1417 2666 pro
1433 2621 1592 2665 fratribus
1602 2619 1812 2654 [Ji-§calceatis
1829 2619 1885 2653 SS.
1899 2619 1967 2654 Tri·-
