<?xml version="1.0" encoding="UTF-8"?>
<!DOCTYPE html PUBLIC "-//W3C//DTD XHTML 1.0 Transitional//EN"
    "http://www.w3.org/TR/xhtml1/DTD/xhtml1-transitional.dtd">
<html xmlns="http://www.w3.org/1999/xhtml" xml:lang="en" lang="en">
 <head>
  <title>
</title>
<meta http-equiv="Content-Type" content="text/html;charset=utf-8" />
  <meta name='ocr-system' content='tesseract 3.04.00' />
  <meta name='ocr-capabilities' content='ocr_page ocr_carea ocr_par ocr_line ocrx_word'/>
</head>
<body>
  <div class='ocr_page' id='page_1' title='image "./bullarumdiplomat22cath_0940.png"; bbox 0 0 2139 3142; ppageno 0'>
   <div class='ocr_carea' id='block_1_1' title="bbox 381 217 1282 250">
    <p class='ocr_par' dir='ltr' id='par_1_1' title="bbox 381 217 1282 250">
     <span class='ocr_line' id='line_1_1' title="bbox 381 217 1282 250; baseline -0.003 -5"><span class='ocrx_word' id='word_1_1' title='bbox 381 217 444 250; x_wconf 74' lang='lat'>900</span> <span class='ocrx_word' id='word_1_2' title='bbox 928 220 1104 243; x_wconf 70' lang='lat' dir='ltr'>BULLAMUM</span> <span class='ocrx_word' id='word_1_3' title='bbox 1131 219 1282 243; x_wconf 67' lang='lat' dir='ltr'>Romnum</span> 
     </span>
    </p>
   </div>
   <div class='ocr_carea' id='block_1_2' title="bbox 340 271 1889 2064">
    <p class='ocr_par' dir='ltr' id='par_1_2' title="bbox 423 271 1882 740">
     <span class='ocr_line' id='line_1_2' title="bbox 424 271 1876 319; baseline -0.004 -8"><span class='ocrx_word' id='word_1_4' title='bbox 424 277 585 311; x_wconf 82' lang='lat' dir='ltr'>monachis</span> <span class='ocrx_word' id='word_1_5' title='bbox 610 274 788 319; x_wconf 76' lang='lat' dir='ltr'>praedictae</span> <span class='ocrx_word' id='word_1_6' title='bbox 820 271 1081 315; x_wconf 78' lang='lat' dir='ltr'>Congregationis</span> <span class='ocrx_word' id='word_1_7' title='bbox 1107 271 1346 305; x_wconf 85' lang='lat' dir='ltr'>Vallisoletanae</span> <span class='ocrx_word' id='word_1_8' title='bbox 1379 273 1561 305; x_wconf 87' lang='lat' dir='ltr'>monasterii</span> <span class='ocrx_word' id='word_1_9' title='bbox 1585 273 1623 305; x_wconf 87' lang='lat' dir='ltr'>de</span> <span class='ocrx_word' id='word_1_10' title='bbox 1648 273 1876 306; x_wconf 85' lang='lat' dir='ltr'>Monteserrato</span> 
     </span>
     <span class='ocr_line' id='line_1_3' title="bbox 425 323 1875 369; baseline -0.003 -6"><span class='ocrx_word' id='word_1_11' title='bbox 425 336 514 363; x_wconf 86' lang='lat' dir='ltr'>antea</span> <span class='ocrx_word' id='word_1_12' title='bbox 532 328 599 361; x_wconf 85' lang='lat' dir='ltr'>fieri</span> <span class='ocrx_word' id='word_1_13' title='bbox 618 327 742 360; x_wconf 89' lang='lat' dir='ltr'>solitam</span> <span class='ocrx_word' id='word_1_14' title='bbox 761 336 828 358; x_wconf 85' lang='lat' dir='ltr'>esse</span> <span class='ocrx_word' id='word_1_15' title='bbox 853 325 1039 358; x_wconf 76' lang='lat' dir='ltr'>electionem</span> <span class='ocrx_word' id='word_1_16' title='bbox 1065 323 1187 356; x_wconf 87' lang='lat' dir='ltr'>abbatis</span> <span class='ocrx_word' id='word_1_17' title='bbox 1211 324 1258 356; x_wconf 88' lang='lat' dir='ltr'>sui</span> <span class='ocrx_word' id='word_1_18' title='bbox 1285 325 1479 365; x_wconf 87' lang='lat' dir='ltr'>monasterii,</span> <span class='ocrx_word' id='word_1_19' title='bbox 1507 326 1603 359; x_wconf 79' lang='lat' dir='ltr'><strong>refert</strong></span> <span class='ocrx_word' id='word_1_20' title='bbox 1625 325 1690 358; x_wconf 78' lang='lat'>398</span> <span class='ocrx_word' id='word_1_21' title='bbox 1715 327 1731 357; x_wconf 84' lang='lat' dir='ltr'>b</span> <span class='ocrx_word' id='word_1_22' title='bbox 1751 329 1781 359; x_wconf 87' lang='lat' dir='ltr'>et</span> <span class='ocrx_word' id='word_1_23' title='bbox 1803 337 1875 369; x_wconf 85' lang='lat' dir='ltr'>seq.;</span> 
     </span>
     <span class='ocr_line' id='line_1_4' title="bbox 423 378 1876 426; baseline -0.003 -11"><span class='ocrx_word' id='word_1_24' title='bbox 423 388 530 426; x_wconf 67' lang='lat' dir='ltr'>postca</span> <span class='ocrx_word' id='word_1_25' title='bbox 557 391 631 414; x_wconf 81' lang='lat' dir='ltr'>vero</span> <span class='ocrx_word' id='word_1_26' title='bbox 656 390 672 411; x_wconf 87' lang='lat' dir='ltr'>a</span> <span class='ocrx_word' id='word_1_27' title='bbox 693 380 853 413; x_wconf 84' lang='lat' dir='ltr'>Clemente</span> <span class='ocrx_word' id='word_1_28' title='bbox 878 379 916 411; x_wconf 86' lang='lat' dir='ltr'>XI</span> <span class='ocrx_word' id='word_1_29' title='bbox 942 387 1125 410; x_wconf 86' lang='lat' dir='ltr'>concessum</span> <span class='ocrx_word' id='word_1_30' title='bbox 1158 382 1192 409; x_wconf 87' lang='lat' dir='ltr'>ut</span> <span class='ocrx_word' id='word_1_31' title='bbox 1226 378 1337 411; x_wconf 81' lang='lat' dir='ltr'>electio</span> <span class='ocrx_word' id='word_1_32' title='bbox 1362 378 1483 411; x_wconf 87' lang='lat' dir='ltr'>abbatis</span> <span class='ocrx_word' id='word_1_33' title='bbox 1509 378 1539 410; x_wconf 92' lang='lat' dir='ltr'>in</span> <span class='ocrx_word' id='word_1_34' title='bbox 1565 380 1704 422; x_wconf 80' lang='lat' dir='ltr'>capitulo</span> <span class='ocrx_word' id='word_1_35' title='bbox 1736 379 1876 422; x_wconf 86' lang='lat' dir='ltr'>generali</span> 
     </span>
     <span class='ocr_line' id='line_1_5' title="bbox 425 430 1878 475; baseline -0.002 -7"><span class='ocrx_word' id='word_1_36' title='bbox 425 435 566 468; x_wconf 86' lang='lat' dir='ltr'>eiusdem</span> <span class='ocrx_word' id='word_1_37' title='bbox 583 432 840 475; x_wconf 79' lang='lat' dir='ltr'>Congregalionis</span> <span class='ocrx_word' id='word_1_38' title='bbox 858 441 916 475; x_wconf 87' lang='lat' dir='ltr'>pro</span> <span class='ocrx_word' id='word_1_39' title='bbox 934 431 1043 474; x_wconf 87' lang='lat' dir='ltr'>primis</span> <span class='ocrx_word' id='word_1_40' title='bbox 1063 430 1186 463; x_wconf 84' lang='lat' dir='ltr'>duabus</span> <span class='ocrx_word' id='word_1_41' title='bbox 1206 431 1413 465; x_wconf 77' lang='lat' dir='ltr'>electionibus</span> <span class='ocrx_word' id='word_1_42' title='bbox 1433 432 1532 472; x_wconf 83' lang='lat' dir='ltr'>fieret,</span> <span class='ocrx_word' id='word_1_43' title='bbox 1549 437 1657 464; x_wconf 86' lang='lat' dir='ltr'>narrat</span> <span class='ocrx_word' id='word_1_44' title='bbox 1673 431 1737 464; x_wconf 82' lang='lat'>399</span> <span class='ocrx_word' id='word_1_45' title='bbox 1754 443 1790 471; x_wconf 87' lang='lat' dir='ltr'>a;</span> <span class='ocrx_word' id='word_1_46' title='bbox 1812 438 1878 465; x_wconf 88' lang='lat' dir='ltr'>tan-</span> 
     </span>
     <span class='ocr_line' id='line_1_6' title="bbox 424 482 1880 529; baseline -0.002 -9"><span class='ocrx_word' id='word_1_47' title='bbox 424 488 494 520; x_wconf 86' lang='lat' dir='ltr'>dem</span> <span class='ocrx_word' id='word_1_48' title='bbox 524 492 558 518; x_wconf 84' lang='lat' dir='ltr'>nt</span> <span class='ocrx_word' id='word_1_49' title='bbox 586 485 698 518; x_wconf 84' lang='lat' dir='ltr'>electio</span> <span class='ocrx_word' id='word_1_50' title='bbox 726 483 846 515; x_wconf 85' lang='lat' dir='ltr'>abbatis</span> <span class='ocrx_word' id='word_1_51' title='bbox 874 482 1028 526; x_wconf 86' lang='lat' dir='ltr'>praedicti</span> <span class='ocrx_word' id='word_1_52' title='bbox 1060 483 1268 526; x_wconf 78' lang='lat' dir='ltr'>imposterum</span> <span class='ocrx_word' id='word_1_53' title='bbox 1293 485 1453 529; x_wconf 89' lang='lat' dir='ltr'>perpetuis</span> <span class='ocrx_word' id='word_1_54' title='bbox 1477 484 1592 517; x_wconf 82' lang='lat' dir='ltr'>futuris</span> <span class='ocrx_word' id='word_1_55' title='bbox 1616 485 1830 528; x_wconf 76' lang='lat' dir='ltr'>temporibus,</span> <span class='ocrx_word' id='word_1_56' title='bbox 1848 485 1880 517; x_wconf 90' lang='lat' dir='ltr'>in</span> 
     </span>
     <span class='ocr_line' id='line_1_7' title="bbox 428 536 1881 583; baseline -0.003 -10"><span class='ocrx_word' id='word_1_57' title='bbox 428 540 567 583; x_wconf 84' lang='lat' dir='ltr'>capitulo</span> <span class='ocrx_word' id='word_1_58' title='bbox 585 537 724 580; x_wconf 80' lang='lat' dir='ltr'>generali</span> <span class='ocrx_word' id='word_1_59' title='bbox 742 536 882 569; x_wconf 84' lang='lat' dir='ltr'>eiusdem</span> <span class='ocrx_word' id='word_1_60' title='bbox 900 536 1160 579; x_wconf 80' lang='lat' dir='ltr'>Congregationis</span> <span class='ocrx_word' id='word_1_61' title='bbox 1176 541 1392 579; x_wconf 77' lang='lat' dir='ltr'>perageretur,</span> <span class='ocrx_word' id='word_1_62' title='bbox 1409 537 1525 577; x_wconf 88' lang='lat' dir='ltr'>statuit,</span> <span class='ocrx_word' id='word_1_63' title='bbox 1541 536 1606 570; x_wconf 73' lang='lat'>400</span> <span class='ocrx_word' id='word_1_64' title='bbox 1623 537 1639 569; x_wconf 88' lang='lat' dir='ltr'>b</span> <span class='ocrx_word' id='word_1_65' title='bbox 1656 542 1686 569; x_wconf 87' lang='lat' dir='ltr'>et</span> <span class='ocrx_word' id='word_1_66' title='bbox 1702 548 1777 580; x_wconf 80' lang='lat' dir='ltr'>seq.;</span> <span class='ocrx_word' id='word_1_67' title='bbox 1795 547 1881 570; x_wconf 88' lang='lat' dir='ltr'>sum-</span> 
     </span>
     <span class='ocr_line' id='line_1_8' title="bbox 429 589 1882 632; baseline -0.001 -7"><span class='ocrx_word' id='word_1_68' title='bbox 429 592 562 625; x_wconf 89' lang='lat' dir='ltr'>marium</span> <span class='ocrx_word' id='word_1_69' title='bbox 590 590 856 632; x_wconf 75' lang='lat' dir='ltr'>indulgentiarum</span> <span class='ocrx_word' id='word_1_70' title='bbox 883 599 1103 621; x_wconf 87' lang='lat' dir='ltr'>concessarum</span> <span class='ocrx_word' id='word_1_71' title='bbox 1130 589 1278 622; x_wconf 82' lang='lat' dir='ltr'>crucibus</span> <span class='ocrx_word' id='word_1_72' title='bbox 1302 590 1444 631; x_wconf 87' lang='lat' dir='ltr'>rosariis,</span> <span class='ocrx_word' id='word_1_73' title='bbox 1469 590 1766 630; x_wconf 68' lang='lat' dir='ltr'>nummismadbus,</span> <span class='ocrx_word' id='word_1_74' title='bbox 1791 601 1882 624; x_wconf 87' lang='lat' dir='ltr'>coro-</span> 
     </span>
     <span class='ocr_line' id='line_1_9' title="bbox 425 641 1879 685; baseline -0.002 -7"><span class='ocrx_word' id='word_1_75' title='bbox 425 647 473 678; x_wconf 91' lang='lat' dir='ltr'>nis</span> <span class='ocrx_word' id='word_1_76' title='bbox 497 644 668 677; x_wconf 76' lang='lat' dir='ltr'>benedictis</span> <span class='ocrx_word' id='word_1_77' title='bbox 701 643 739 674; x_wconf 86' lang='lat' dir='ltr'>ab</span> <span class='ocrx_word' id='word_1_78' title='bbox 773 642 885 674; x_wconf 80' lang='lat' dir='ltr'>abbate</span> <span class='ocrx_word' id='word_1_79' title='bbox 911 641 1092 674; x_wconf 84' lang='lat' dir='ltr'>monasterii</span> <span class='ocrx_word' id='word_1_80' title='bbox 1117 642 1327 675; x_wconf 85' lang='lat' dir='ltr'>Montiserrati</span> <span class='ocrx_word' id='word_1_81' title='bbox 1357 643 1616 685; x_wconf 79' lang='lat' dir='ltr'>Congregationis</span> <span class='ocrx_word' id='word_1_82' title='bbox 1640 642 1879 675; x_wconf 86' lang='lat' dir='ltr'>Vallisoletanae</span> 
     </span>
     <span class='ocr_line' id='line_1_10' title="bbox 431 694 1465 740; baseline -0.003 -10"><span class='ocrx_word' id='word_1_83' title='bbox 431 698 555 731; x_wconf 83' lang='lat' dir='ltr'>Ordinis</span> <span class='ocrx_word' id='word_1_84' title='bbox 580 697 608 729; x_wconf 83' lang='lat' dir='ltr'>S.</span> <span class='ocrx_word' id='word_1_85' title='bbox 636 695 808 733; x_wconf 79' lang='lat' dir='ltr'>Benedicti,</span> <span class='ocrx_word' id='word_1_86' title='bbox 834 695 929 727; x_wconf 81' lang='lat' dir='ltr'>refert</span> <span class='ocrx_word' id='word_1_87' title='bbox 954 700 984 726; x_wconf 83' lang='lat' dir='ltr'>et</span> <span class='ocrx_word' id='word_1_88' title='bbox 1008 694 1194 734; x_wconf 82' lang='lat' dir='ltr'>confirmat,</span> <span class='ocrx_word' id='word_1_89' title='bbox 1220 694 1283 727; x_wconf 85' lang='lat'>807</span> <span class='ocrx_word' id='word_1_90' title='bbox 1308 706 1328 727; x_wconf 75' lang='grc' dir='ltr'>[ι</span> <span class='ocrx_word' id='word_1_91' title='bbox 1353 700 1383 727; x_wconf 89' lang='lat' dir='ltr'>et</span> <span class='ocrx_word' id='word_1_92' title='bbox 1406 706 1465 740; x_wconf 76' lang='lat' dir='ltr'>seq.</span> 
     </span>
    </p>

    <p class='ocr_par' dir='ltr' id='par_1_3' title="bbox 340 747 1884 1002">
     <span class='ocr_line' id='line_1_11' title="bbox 340 747 1879 791; baseline -0.003 -5"><span class='ocrx_word' id='word_1_93' title='bbox 340 752 480 786; x_wconf 75' lang='lat' dir='ltr'>Monaelii</span> <span class='ocrx_word' id='word_1_94' title='bbox 505 750 631 784; x_wconf 82' lang='lat' dir='ltr'>Ordinis</span> <span class='ocrx_word' id='word_1_95' title='bbox 656 749 754 781; x_wconf 80' lang='lat' dir='ltr'>sancti</span> <span class='ocrx_word' id='word_1_96' title='bbox 781 747 978 791; x_wconf 65' lang='lat' dir='ltr'>Hieronymi.v</span> <span class='ocrx_word' id='word_1_97' title='bbox 1001 767 1046 770; x_wconf 88' lang='lat'><strong>—</strong></span> <span class='ocrx_word' id='word_1_98' title='bbox 1069 747 1228 780; x_wconf 86' lang='lat' dir='ltr'>Mouachis</span> <span class='ocrx_word' id='word_1_99' title='bbox 1252 747 1377 780; x_wconf 80' lang='lat' dir='ltr'>Ordinis</span> <span class='ocrx_word' id='word_1_100' title='bbox 1406 748 1503 780; x_wconf 89' lang='lat' dir='ltr'>sancti</span> <span class='ocrx_word' id='word_1_101' title='bbox 1536 748 1720 791; x_wconf 80' lang='lat' dir='ltr'>Hieronymi</span> <span class='ocrx_word' id='word_1_102' title='bbox 1754 748 1879 791; x_wconf 89' lang='lat' dir='ltr'>provin-</span> 
     </span>
     <span class='ocr_line' id='line_1_12' title="bbox 427 800 1882 845; baseline -0.003 -7"><span class='ocrx_word' id='word_1_103' title='bbox 427 806 492 838; x_wconf 80' lang='lat' dir='ltr'>ciae</span> <span class='ocrx_word' id='word_1_104' title='bbox 516 803 728 845; x_wconf 74' lang='lat' dir='ltr'>Portugalliae</span> <span class='ocrx_word' id='word_1_105' title='bbox 754 812 845 833; x_wconf 85' lang='lat' dir='ltr'>usum</span> <span class='ocrx_word' id='word_1_106' title='bbox 871 801 1030 839; x_wconf 76' lang='lat' dir='ltr'>cucullae,</span> <span class='ocrx_word' id='word_1_107' title='bbox 1055 811 1091 833; x_wconf 89' lang='lat' dir='ltr'>eo</span> <span class='ocrx_word' id='word_1_108' title='bbox 1117 800 1210 833; x_wconf 91' lang='lat' dir='ltr'>modo</span> <span class='ocrx_word' id='word_1_109' title='bbox 1235 810 1297 843; x_wconf 89' lang='lat' dir='ltr'>quo</span> <span class='ocrx_word' id='word_1_110' title='bbox 1323 800 1469 833; x_wconf 84' lang='lat' dir='ltr'>monachi</span> <span class='ocrx_word' id='word_1_111' title='bbox 1495 801 1634 833; x_wconf 83' lang='lat' dir='ltr'>eiusdem</span> <span class='ocrx_word' id='word_1_112' title='bbox 1660 800 1785 833; x_wconf 88' lang='lat' dir='ltr'>Ordinis</span> <span class='ocrx_word' id='word_1_113' title='bbox 1810 811 1882 833; x_wconf 85' lang='lat' dir='ltr'>con-</span> 
     </span>
     <span class='ocr_line' id='line_1_13' title="bbox 428 852 1884 899; baseline -0.002 -10"><span class='ocrx_word' id='word_1_114' title='bbox 428 856 619 899; x_wconf 73' lang='lat' dir='ltr'>gregationis</span> <span class='ocrx_word' id='word_1_115' title='bbox 654 854 861 887; x_wconf 85' lang='lat' dir='ltr'>Lombardiae</span> <span class='ocrx_word' id='word_1_116' title='bbox 897 857 1040 896; x_wconf 75' lang='lat' dir='ltr'>gestant,</span> <span class='ocrx_word' id='word_1_117' title='bbox 1074 852 1221 892; x_wconf 81' lang='lat' dir='ltr'>indulsit,</span> <span class='ocrx_word' id='word_1_118' title='bbox 1251 853 1316 886; x_wconf 67' lang='lat'>382</span> <span class='ocrx_word' id='word_1_119' title='bbox 1342 866 1359 886; x_wconf 79' lang='lat' dir='ltr'>a</span> <span class='ocrx_word' id='word_1_120' title='bbox 1386 859 1416 886; x_wconf 87' lang='lat' dir='ltr'>et</span> <span class='ocrx_word' id='word_1_121' title='bbox 1439 865 1515 897; x_wconf 78' lang='lat' dir='ltr'>seq.;</span> <span class='ocrx_word' id='word_1_122' title='bbox 1552 854 1721 897; x_wconf 83' lang='lat' dir='ltr'>praedictis</span> <span class='ocrx_word' id='word_1_123' title='bbox 1757 854 1884 887; x_wconf 81' lang='lat' dir='ltr'>decreta</span> 
     </span>
     <span class='ocr_line' id='line_1_14' title="bbox 428 905 1884 954; baseline -0.002 -13"><span class='ocrx_word' id='word_1_124' title='bbox 428 909 580 954; x_wconf 75' lang='lat' dir='ltr'>quaedam</span> <span class='ocrx_word' id='word_1_125' title='bbox 607 908 734 951; x_wconf 81' lang='lat' dir='ltr'>capituli</span> <span class='ocrx_word' id='word_1_126' title='bbox 761 907 938 950; x_wconf 74' lang='lat' dir='ltr'>generalis,</span> <span class='ocrx_word' id='word_1_127' title='bbox 970 906 1007 938; x_wconf 88' lang='lat' dir='ltr'>de</span> <span class='ocrx_word' id='word_1_128' title='bbox 1033 906 1177 949; x_wconf 79' lang='lat' dir='ltr'>praeside</span> <span class='ocrx_word' id='word_1_129' title='bbox 1209 917 1322 950; x_wconf 84' lang='lat' dir='ltr'>nempe</span> <span class='ocrx_word' id='word_1_130' title='bbox 1347 907 1474 950; x_wconf 84' lang='lat' dir='ltr'>capituli</span> <span class='ocrx_word' id='word_1_131' title='bbox 1510 917 1546 939; x_wconf 87' lang='lat' dir='ltr'>ac</span> <span class='ocrx_word' id='word_1_132' title='bbox 1582 907 1766 939; x_wconf 84' lang='lat' dir='ltr'>educatione</span> <span class='ocrx_word' id='word_1_133' title='bbox 1795 905 1884 947; x_wconf 84' lang='lat' dir='ltr'>novi-</span> 
     </span>
     <span class='ocr_line' id='line_1_15' title="bbox 430 958 1072 1002; baseline -0.005 -8"><span class='ocrx_word' id='word_1_134' title='bbox 430 964 557 1000; x_wconf 84' lang='lat' dir='ltr'>tiorum,</span> <span class='ocrx_word' id='word_1_135' title='bbox 583 960 801 998; x_wconf 67' lang='lat' dir='ltr'>confirmavit,</span> <span class='ocrx_word' id='word_1_136' title='bbox 826 958 891 991; x_wconf 76' lang='lat'>383</span> <span class='ocrx_word' id='word_1_137' title='bbox 917 959 932 990; x_wconf 78' lang='lat' dir='ltr'>b</span> <span class='ocrx_word' id='word_1_138' title='bbox 957 964 987 990; x_wconf 86' lang='lat' dir='ltr'>et</span> <span class='ocrx_word' id='word_1_139' title='bbox 1011 970 1072 1002; x_wconf 79' lang='lat' dir='ltr'>seq.</span> 
     </span>
    </p>

    <p class='ocr_par' dir='ltr' id='par_1_4' title="bbox 340 1011 1566 1066">
     <span class='ocr_line' id='line_1_16' title="bbox 340 1011 1566 1066; baseline -0.003 -18"><span class='ocrx_word' id='word_1_140' title='bbox 340 1015 519 1066; x_wconf 60' lang='lat' dir='ltr'>ltspnarcliia</span> <span class='ocrx_word' id='word_1_141' title='bbox 542 1014 647 1047; x_wconf 82' lang='lat' dir='ltr'>Sicula</span> <span class='ocrx_word' id='word_1_142' title='bbox 672 1018 868 1056; x_wconf 86' lang='lat' dir='ltr'>nuncupata,</span> <span class='ocrx_word' id='word_1_143' title='bbox 893 1013 964 1045; x_wconf 61' lang='lat' dir='ltr'>virle</span> <span class='ocrx_word' id='word_1_144' title='bbox 988 1012 1132 1053; x_wconf 77' lang='lat' dir='ltr'>Regnum</span> <span class='ocrx_word' id='word_1_145' title='bbox 1158 1011 1281 1044; x_wconf 79' lang='lat' dir='ltr'>Siciliae</span> <span class='ocrx_word' id='word_1_146' title='bbox 1306 1013 1387 1044; x_wconf 87' lang='lat' dir='ltr'>ultra</span> <span class='ocrx_word' id='word_1_147' title='bbox 1414 1012 1566 1044; x_wconf 83' lang='lat' dir='ltr'>Pharum.</span> 
     </span>
    </p>

    <p class='ocr_par' dir='ltr' id='par_1_5' title="bbox 340 1064 1884 1318">
     <span class='ocr_line' id='line_1_17' title="bbox 340 1064 1884 1108; baseline -0.003 -6"><span class='ocrx_word' id='word_1_148' title='bbox 340 1069 538 1102; x_wconf 84' lang='lat' dir='ltr'>Monasteria.</span> <span class='ocrx_word' id='word_1_149' title='bbox 563 1087 606 1092; x_wconf 91' lang='lat'>—</span> <span class='ocrx_word' id='word_1_150' title='bbox 630 1066 851 1099; x_wconf 79' lang='lat' dir='ltr'>Monasterium</span> <span class='ocrx_word' id='word_1_151' title='bbox 877 1065 971 1097; x_wconf 84' lang='lat' dir='ltr'>Tertii</span> <span class='ocrx_word' id='word_1_152' title='bbox 997 1064 1122 1098; x_wconf 84' lang='lat' dir='ltr'>Ordinis</span> <span class='ocrx_word' id='word_1_153' title='bbox 1147 1065 1396 1105; x_wconf 78' lang='lat' dir='ltr'>Cat-melitarurn,</span> <span class='ocrx_word' id='word_1_154' title='bbox 1428 1065 1533 1108; x_wconf 84' lang='lat' dir='ltr'>oppidi</span> <span class='ocrx_word' id='word_1_155' title='bbox 1560 1065 1774 1098; x_wconf 85' lang='lat' dir='ltr'>Guimarensis</span> <span class='ocrx_word' id='word_1_156' title='bbox 1807 1065 1884 1098; x_wconf 88' lang='lat' dir='ltr'>Bra-</span> 
     </span>
     <span class='ocr_line' id='line_1_18' title="bbox 429 1116 1884 1161; baseline -0.003 -7"><span class='ocrx_word' id='word_1_157' title='bbox 429 1121 590 1154; x_wconf 82' lang='lat' dir='ltr'>charensis</span> <span class='ocrx_word' id='word_1_158' title='bbox 615 1119 778 1157; x_wconf 77' lang='lat' dir='ltr'>dioecesis,</span> <span class='ocrx_word' id='word_1_159' title='bbox 803 1128 904 1160; x_wconf 85' lang='lat' dir='ltr'>nuper</span> <span class='ocrx_word' id='word_1_160' title='bbox 929 1123 1084 1156; x_wconf 85' lang='lat' dir='ltr'>erectum,</span> <span class='ocrx_word' id='word_1_161' title='bbox 1106 1118 1145 1149; x_wconf 90' lang='lat' dir='ltr'>ab</span> <span class='ocrx_word' id='word_1_162' title='bbox 1170 1116 1326 1150; x_wconf 89' lang='lat' dir='ltr'>Ordinarii</span> <span class='ocrx_word' id='word_1_163' title='bbox 1353 1118 1568 1150; x_wconf 84' lang='lat' dir='ltr'>iurisdictione</span> <span class='ocrx_word' id='word_1_164' title='bbox 1590 1118 1720 1155; x_wconf 77' lang='lat' dir='ltr'>exemit,</span> <span class='ocrx_word' id='word_1_165' title='bbox 1742 1118 1884 1161; x_wconf 88' lang='lat' dir='ltr'>illudque</span> 
     </span>
     <span class='ocr_line' id='line_1_19' title="bbox 428 1169 1882 1217; baseline -0.004 -9"><span class='ocrx_word' id='word_1_166' title='bbox 428 1174 574 1217; x_wconf 83' lang='lat' dir='ltr'>regimini</span> <span class='ocrx_word' id='word_1_167' title='bbox 600 1173 802 1216; x_wconf 77' lang='lat' dir='ltr'>superiorum</span> <span class='ocrx_word' id='word_1_168' title='bbox 829 1171 902 1202; x_wconf 86' lang='lat' dir='ltr'>dicti</span> <span class='ocrx_word' id='word_1_169' title='bbox 929 1170 1054 1203; x_wconf 84' lang='lat' dir='ltr'>Ordinis</span> <span class='ocrx_word' id='word_1_170' title='bbox 1079 1170 1234 1208; x_wconf 82' lang='lat' dir='ltr'>subiecit,</span> <span class='ocrx_word' id='word_1_171' title='bbox 1259 1169 1324 1202; x_wconf 79' lang='lat'>385</span> <span class='ocrx_word' id='word_1_172' title='bbox 1348 1170 1365 1201; x_wconf 83' lang='lat' dir='ltr'>b</span> <span class='ocrx_word' id='word_1_173' title='bbox 1390 1175 1420 1201; x_wconf 91' lang='lat' dir='ltr'>et</span> <span class='ocrx_word' id='word_1_174' title='bbox 1444 1181 1516 1213; x_wconf 79' lang='lat' dir='ltr'>seq.;</span> <span class='ocrx_word' id='word_1_175' title='bbox 1541 1171 1703 1213; x_wconf 87' lang='lat' dir='ltr'>praedicto</span> <span class='ocrx_word' id='word_1_176' title='bbox 1732 1170 1882 1203; x_wconf 85' lang='lat' dir='ltr'>nonnulla</span> 
     </span>
     <span class='ocr_line' id='line_1_20' title="bbox 430 1222 1883 1271; baseline -0.003 -11"><span class='ocrx_word' id='word_1_177' title='bbox 430 1227 596 1271; x_wconf 76' lang='lat' dir='ltr'>privilegia</span> <span class='ocrx_word' id='word_1_178' title='bbox 620 1225 843 1268; x_wconf 77' lang='lat' dir='ltr'>exemptiones,</span> <span class='ocrx_word' id='word_1_179' title='bbox 870 1223 986 1265; x_wconf 77' lang='lat' dir='ltr'>gratias</span> <span class='ocrx_word' id='word_1_180' title='bbox 1012 1223 1151 1263; x_wconf 74' lang='lat' dir='ltr'>indulsit,</span> <span class='ocrx_word' id='word_1_181' title='bbox 1176 1222 1239 1255; x_wconf 65' lang='lat'>:387</span> <span class='ocrx_word' id='word_1_182' title='bbox 1258 1223 1274 1254; x_wconf 83' lang='lat' dir='ltr'>b</span> <span class='ocrx_word' id='word_1_183' title='bbox 1299 1228 1329 1254; x_wconf 88' lang='lat' dir='ltr'>et</span> <span class='ocrx_word' id='word_1_184' title='bbox 1353 1234 1424 1266; x_wconf 60' lang='lat' dir='ltr'>seqx,</span> <span class='ocrx_word' id='word_1_185' title='bbox 1454 1223 1634 1255; x_wconf 85' lang='lat' dir='ltr'>monasterii</span> <span class='ocrx_word' id='word_1_186' title='bbox 1653 1223 1792 1255; x_wconf 83' lang='lat' dir='ltr'>eiusdem</span> <span class='ocrx_word' id='word_1_187' title='bbox 1811 1233 1883 1256; x_wconf 85' lang='lat' dir='ltr'>con-</span> 
     </span>
     <span class='ocr_line' id='line_1_21' title="bbox 435 1274 1675 1318; baseline -0.004 -6"><span class='ocrx_word' id='word_1_188' title='bbox 435 1280 613 1312; x_wconf 78' lang='lat' dir='ltr'>stitutiones</span> <span class='ocrx_word' id='word_1_189' title='bbox 642 1289 696 1310; x_wconf 86' lang='lat' dir='ltr'>seu</span> <span class='ocrx_word' id='word_1_190' title='bbox 728 1277 854 1318; x_wconf 76' lang='lat' dir='ltr'>regulas</span> <span class='ocrx_word' id='word_1_191' title='bbox 879 1275 1061 1318; x_wconf 84' lang='lat' dir='ltr'>approbavit</span> <span class='ocrx_word' id='word_1_192' title='bbox 1088 1274 1152 1307; x_wconf 76' lang='lat'>388</span> <span class='ocrx_word' id='word_1_193' title='bbox 1178 1286 1196 1307; x_wconf 80' lang='lat' dir='ltr'>a</span> <span class='ocrx_word' id='word_1_194' title='bbox 1223 1280 1252 1307; x_wconf 89' lang='lat' dir='ltr'>et</span> <span class='ocrx_word' id='word_1_195' title='bbox 1277 1276 1309 1314; x_wconf 66' lang='lat'>[23</span> <span class='ocrx_word' id='word_1_196' title='bbox 1334 1276 1405 1308; x_wconf 75' lang='lat' dir='ltr'>vide</span> <span class='ocrx_word' id='word_1_197' title='bbox 1429 1276 1675 1308; x_wconf 75' lang='lat' dir='ltr'>Conservatoria.</span> 
     </span>
    </p>

    <p class='ocr_par' dir='ltr' id='par_1_6' title="bbox 343 1328 1885 1483">
     <span class='ocr_line' id='line_1_22' title="bbox 343 1328 1885 1372; baseline -0.003 -6"><span class='ocrx_word' id='word_1_198' title='bbox 343 1334 503 1366; x_wconf 83' lang='lat' dir='ltr'>Moniales.</span> <span class='ocrx_word' id='word_1_199' title='bbox 527 1353 571 1356; x_wconf 75' lang='lat'>—</span> <span class='ocrx_word' id='word_1_200' title='bbox 595 1331 781 1364; x_wconf 80' lang='lat' dir='ltr'>Monialibus</span> <span class='ocrx_word' id='word_1_201' title='bbox 808 1329 992 1372; x_wconf 83' lang='lat' dir='ltr'>quorumvis</span> <span class='ocrx_word' id='word_1_202' title='bbox 1028 1328 1292 1361; x_wconf 81' lang='lat' dir='ltr'>monasteriorum</span> <span class='ocrx_word' id='word_1_203' title='bbox 1324 1329 1354 1360; x_wconf 92' lang='lat' dir='ltr'>in</span> <span class='ocrx_word' id='word_1_204' title='bbox 1384 1329 1523 1371; x_wconf 77' lang='lat' dir='ltr'>qualibet</span> <span class='ocrx_word' id='word_1_205' title='bbox 1559 1329 1666 1361; x_wconf 89' lang='lat' dir='ltr'>mundi</span> <span class='ocrx_word' id='word_1_206' title='bbox 1697 1333 1785 1372; x_wconf 84' lang='lat' dir='ltr'>parte</span> <span class='ocrx_word' id='word_1_207' title='bbox 1820 1330 1885 1362; x_wconf 84' lang='lat' dir='ltr'>exi-</span> 
     </span>
     <span class='ocr_line' id='line_1_23' title="bbox 434 1381 1884 1424; baseline -0.003 -5"><span class='ocrx_word' id='word_1_208' title='bbox 434 1386 602 1424; x_wconf 85' lang='lat' dir='ltr'>stentium,</span> <span class='ocrx_word' id='word_1_209' title='bbox 628 1385 677 1416; x_wconf 89' lang='lat' dir='ltr'>die</span> <span class='ocrx_word' id='word_1_210' title='bbox 710 1394 817 1415; x_wconf 75' lang='lat' dir='ltr'>rarum</span> <span class='ocrx_word' id='word_1_211' title='bbox 844 1381 1030 1420; x_wconf 75' lang='lat' dir='ltr'>velationis,</span> <span class='ocrx_word' id='word_1_212' title='bbox 1056 1381 1282 1414; x_wconf 82' lang='lat' dir='ltr'>benedictionis</span> <span class='ocrx_word' id='word_1_213' title='bbox 1308 1387 1338 1413; x_wconf 84' lang='lat' dir='ltr'>et</span> <span class='ocrx_word' id='word_1_214' title='bbox 1364 1382 1624 1421; x_wconf 81' lang='lat' dir='ltr'>consecrationis,</span> <span class='ocrx_word' id='word_1_215' title='bbox 1658 1381 1884 1424; x_wconf 81' lang='lat' dir='ltr'>indulgentiam</span> 
     </span>
     <span class='ocr_line' id='line_1_24' title="bbox 433 1433 1868 1483; baseline -0.008 -12"><span class='ocrx_word' id='word_1_216' title='bbox 433 1438 607 1483; x_wconf 88' lang='lat' dir='ltr'>plenariam</span> <span class='ocrx_word' id='word_1_217' title='bbox 633 1439 818 1480; x_wconf 85' lang='lat' dir='ltr'>perpetuam</span> <span class='ocrx_word' id='word_1_218' title='bbox 844 1435 1009 1474; x_wconf 82' lang='lat' dir='ltr'>concessit,</span> <span class='ocrx_word' id='word_1_219' title='bbox 1034 1433 1097 1465; x_wconf 69' lang='lat'>[546</span> <span class='ocrx_word' id='word_1_220' title='bbox 1123 1445 1143 1466; x_wconf 80' lang='grc' dir='ltr'><em>α</em></span> <span class='ocrx_word' id='word_1_221' title='bbox 1169 1439 1198 1466; x_wconf 87' lang='lat' dir='ltr'>et</span> <span class='ocrx_word' id='word_1_222' title='bbox 1223 1434 1248 1465; x_wconf 80' lang='lat' dir='ltr'>b.</span> <span class='ocrx_word' id='word_1_223' title='bbox 1866 1477 1868 1479; x_wconf 66' lang='lat'>‚</span> 
     </span>
    </p>

    <p class='ocr_par' dir='ltr' id='par_1_7' title="bbox 344 1487 1885 1580">
     <span class='ocr_line' id='line_1_25' title="bbox 344 1487 1885 1530; baseline -0.005 -4"><span class='ocrx_word' id='word_1_224' title='bbox 344 1493 492 1526; x_wconf 83' lang='lat' dir='ltr'>Moniales</span> <span class='ocrx_word' id='word_1_225' title='bbox 517 1492 546 1524; x_wconf 84' lang='lat' dir='ltr'>S.</span> <span class='ocrx_word' id='word_1_226' title='bbox 576 1491 717 1523; x_wconf 87' lang='lat' dir='ltr'>Ursulae.</span> <span class='ocrx_word' id='word_1_227' title='bbox 745 1509 789 1513; x_wconf 92' lang='lat'><strong>—</strong></span> <span class='ocrx_word' id='word_1_228' title='bbox 812 1488 999 1521; x_wconf 85' lang='lat' dir='ltr'>Monialibus</span> <span class='ocrx_word' id='word_1_229' title='bbox 1025 1488 1053 1520; x_wconf 83' lang='lat' dir='ltr'>S.</span> <span class='ocrx_word' id='word_1_230' title='bbox 1080 1488 1212 1520; x_wconf 87' lang='lat' dir='ltr'>Ursulae</span> <span class='ocrx_word' id='word_1_231' title='bbox 1243 1487 1467 1529; x_wconf 76' lang='lat' dir='ltr'>indulgentiam</span> <span class='ocrx_word' id='word_1_232' title='bbox 1499 1487 1674 1529; x_wconf 88' lang='lat' dir='ltr'>plenariam</span> <span class='ocrx_word' id='word_1_233' title='bbox 1700 1491 1885 1530; x_wconf 86' lang='lat' dir='ltr'>perpetuam</span> 
     </span>
     <span class='ocr_line' id='line_1_26' title="bbox 433 1539 1282 1580; baseline -0.008 -2"><span class='ocrx_word' id='word_1_234' title='bbox 433 1546 464 1578; x_wconf 91' lang='lat' dir='ltr'>in</span> <span class='ocrx_word' id='word_1_235' title='bbox 488 1545 538 1577; x_wconf 89' lang='lat' dir='ltr'>dic</span> <span class='ocrx_word' id='word_1_236' title='bbox 563 1543 775 1576; x_wconf 75' lang='lat' dir='ltr'>renovationis</span> <span class='ocrx_word' id='word_1_237' title='bbox 800 1548 945 1574; x_wconf 86' lang='lat' dir='ltr'>votorum</span> <span class='ocrx_word' id='word_1_238' title='bbox 971 1541 1136 1580; x_wconf 83' lang='lat' dir='ltr'>concessit,</span> <span class='ocrx_word' id='word_1_239' title='bbox 1162 1539 1225 1571; x_wconf 77' lang='lat'>649</span> <span class='ocrx_word' id='word_1_240' title='bbox 1252 1550 1282 1571; x_wconf 75' lang='lat' dir='ltr'>a.</span> 
     </span>
    </p>

    <p class='ocr_par' dir='ltr' id='par_1_8' title="bbox 345 1592 1889 1692">
     <span class='ocr_line' id='line_1_27' title="bbox 345 1592 1889 1639; baseline -0.005 -7"><span class='ocrx_word' id='word_1_241' title='bbox 345 1600 494 1632; x_wconf 88' lang='lat' dir='ltr'>Moniales</span> <span class='ocrx_word' id='word_1_242' title='bbox 519 1598 549 1631; x_wconf 81' lang='lat' dir='ltr'>S.</span> <span class='ocrx_word' id='word_1_243' title='bbox 578 1596 797 1639; x_wconf 76' lang='lat' dir='ltr'>Radegundae.</span> <span class='ocrx_word' id='word_1_244' title='bbox 823 1615 867 1619; x_wconf 92' lang='lat'>—-</span> <span class='ocrx_word' id='word_1_245' title='bbox 891 1594 1078 1628; x_wconf 83' lang='lat' dir='ltr'>Monialibus</span> <span class='ocrx_word' id='word_1_246' title='bbox 1103 1594 1133 1627; x_wconf 83' lang='lat' dir='ltr'>S.</span> <span class='ocrx_word' id='word_1_247' title='bbox 1162 1593 1263 1632; x_wconf 43' lang='lat' dir='ltr'>Badeo</span> <span class='ocrx_word' id='word_1_248' title='bbox 1285 1592 1372 1625; x_wconf 77' lang='lat' dir='ltr'>udae</span> <span class='ocrx_word' id='word_1_249' title='bbox 1393 1592 1632 1625; x_wconf 83' lang='lat' dir='ltr'>Mediolanensis</span> <span class='ocrx_word' id='word_1_250' title='bbox 1656 1592 1793 1624; x_wconf 86' lang='lat' dir='ltr'>musicos</span> <span class='ocrx_word' id='word_1_251' title='bbox 1818 1602 1889 1625; x_wconf 85' lang='lat' dir='ltr'>con-</span> 
     </span>
     <span class='ocr_line' id='line_1_28' title="bbox 433 1646 1474 1692; baseline -0.007 -8"><span class='ocrx_word' id='word_1_252' title='bbox 433 1657 542 1684; x_wconf 81' lang='lat' dir='ltr'>centus</span> <span class='ocrx_word' id='word_1_253' title='bbox 568 1651 721 1692; x_wconf 78' lang='lat' dir='ltr'>figuratos</span> <span class='ocrx_word' id='word_1_254' title='bbox 747 1649 777 1681; x_wconf 90' lang='lat' dir='ltr'>in</span> <span class='ocrx_word' id='word_1_255' title='bbox 802 1660 860 1681; x_wconf 85' lang='lat' dir='ltr'>usu</span> <span class='ocrx_word' id='word_1_256' title='bbox 886 1648 1003 1680; x_wconf 84' lang='lat' dir='ltr'>babere</span> <span class='ocrx_word' id='word_1_257' title='bbox 1027 1647 1202 1690; x_wconf 83' lang='lat' dir='ltr'>prohibuit,</span> <span class='ocrx_word' id='word_1_258' title='bbox 1224 1646 1287 1678; x_wconf 64' lang='lat'>7110’</span> <span class='ocrx_word' id='word_1_259' title='bbox 1313 1656 1333 1678; x_wconf 77' lang='lat' dir='ltr'>a</span> <span class='ocrx_word' id='word_1_260' title='bbox 1358 1651 1385 1677; x_wconf 87' lang='lat' dir='ltr'>et</span> <span class='ocrx_word' id='word_1_261' title='bbox 1411 1656 1474 1688; x_wconf 82' lang='lat' dir='ltr'>seq.</span> 
     </span>
    </p>

    <p class='ocr_par' dir='ltr' id='par_1_9' title="bbox 346 1698 1889 1902">
     <span class='ocr_line' id='line_1_29' title="bbox 346 1698 1889 1740; baseline -0.006 -2"><span class='ocrx_word' id='word_1_262' title='bbox 346 1707 432 1738; x_wconf 85' lang='lat' dir='ltr'>Mons</span> <span class='ocrx_word' id='word_1_263' title='bbox 457 1704 592 1736; x_wconf 77' lang='lat' dir='ltr'>Pietatis.</span> <span class='ocrx_word' id='word_1_264' title='bbox 618 1721 661 1726; x_wconf 78' lang='lat'>-—</span> <span class='ocrx_word' id='word_1_265' title='bbox 686 1703 745 1735; x_wconf 86' lang='lat' dir='ltr'>Pro</span> <span class='ocrx_word' id='word_1_266' title='bbox 770 1701 882 1734; x_wconf 84' lang='lat' dir='ltr'>Montis</span> <span class='ocrx_word' id='word_1_267' title='bbox 908 1701 1031 1733; x_wconf 84' lang='lat' dir='ltr'>Pietatis</span> <span class='ocrx_word' id='word_1_268' title='bbox 1057 1700 1188 1732; x_wconf 79' lang='lat' dir='ltr'>civitatis</span> <span class='ocrx_word' id='word_1_269' title='bbox 1212 1699 1349 1732; x_wconf 60' lang='lat' dir='ltr'>Gesonae</span> <span class='ocrx_word' id='word_1_270' title='bbox 1375 1704 1461 1730; x_wconf 88' lang='lat' dir='ltr'>recto</span> <span class='ocrx_word' id='word_1_271' title='bbox 1483 1698 1637 1740; x_wconf 79' lang='lat' dir='ltr'>regimine</span> <span class='ocrx_word' id='word_1_272' title='bbox 1658 1698 1808 1731; x_wconf 84' lang='lat' dir='ltr'>nonnulla</span> <span class='ocrx_word' id='word_1_273' title='bbox 1828 1702 1889 1729; x_wconf 88' lang='lat' dir='ltr'>sta-</span> 
     </span>
     <span class='ocr_line' id='line_1_30' title="bbox 438 1751 1889 1798; baseline -0.004 -9"><span class='ocrx_word' id='word_1_274' title='bbox 438 1757 511 1797; x_wconf 86' lang='lat' dir='ltr'>tuit,</span> <span class='ocrx_word' id='word_1_275' title='bbox 536 1756 601 1789; x_wconf 72' lang='lat'>393</span> <span class='ocrx_word' id='word_1_276' title='bbox 625 1757 641 1787; x_wconf 83' lang='lat' dir='ltr'>b</span> <span class='ocrx_word' id='word_1_277' title='bbox 667 1761 697 1787; x_wconf 85' lang='lat' dir='ltr'>et</span> <span class='ocrx_word' id='word_1_278' title='bbox 722 1765 800 1798; x_wconf 81' lang='lat' dir='ltr'>seq.·,</span> <span class='ocrx_word' id='word_1_279' title='bbox 826 1754 1009 1787; x_wconf 80' lang='lat' dir='ltr'>conceditur</span> <span class='ocrx_word' id='word_1_280' title='bbox 1033 1753 1181 1796; x_wconf 83' lang='lat' dir='ltr'>episeopo</span> <span class='ocrx_word' id='word_1_281' title='bbox 1206 1752 1424 1786; x_wconf 84' lang='lat' dir='ltr'>Caesenatensi</span> <span class='ocrx_word' id='word_1_282' title='bbox 1450 1752 1582 1784; x_wconf 87' lang='lat' dir='ltr'>facultas</span> <span class='ocrx_word' id='word_1_283' title='bbox 1608 1751 1790 1783; x_wconf 86' lang='lat' dir='ltr'>moderandi</span> <span class='ocrx_word' id='word_1_284' title='bbox 1815 1761 1889 1784; x_wconf 91' lang='lat' dir='ltr'>con-</span> 
     </span>
     <span class='ocr_line' id='line_1_31' title="bbox 438 1803 1887 1852; baseline -0.004 -10"><span class='ocrx_word' id='word_1_285' title='bbox 438 1810 614 1842; x_wconf 87' lang='lat' dir='ltr'>stitutiones</span> <span class='ocrx_word' id='word_1_286' title='bbox 640 1819 698 1852; x_wconf 90' lang='lat' dir='ltr'>pro</span> <span class='ocrx_word' id='word_1_287' title='bbox 723 1808 806 1841; x_wconf 87' lang='lat' dir='ltr'>bono</span> <span class='ocrx_word' id='word_1_288' title='bbox 832 1807 986 1849; x_wconf 74' lang='lat' dir='ltr'>regimine</span> <span class='ocrx_word' id='word_1_289' title='bbox 1011 1806 1150 1838; x_wconf 78' lang='lat' dir='ltr'>eiusdem</span> <span class='ocrx_word' id='word_1_290' title='bbox 1176 1805 1305 1845; x_wconf 76' lang='lat' dir='ltr'>Montis,</span> <span class='ocrx_word' id='word_1_291' title='bbox 1329 1804 1395 1837; x_wconf 76' lang='lat'>395</span> <span class='ocrx_word' id='word_1_292' title='bbox 1419 1805 1456 1843; x_wconf 57' lang='grc' dir='ltr'>[η</span> <span class='ocrx_word' id='word_1_293' title='bbox 1482 1805 1565 1847; x_wconf 86' lang='lat' dir='ltr'>quod</span> <span class='ocrx_word' id='word_1_294' title='bbox 1591 1804 1628 1836; x_wconf 88' lang='lat' dir='ltr'>ad</span> <span class='ocrx_word' id='word_1_295' title='bbox 1660 1805 1794 1837; x_wconf 82' lang='lat' dir='ltr'>Mentem</span> <span class='ocrx_word' id='word_1_296' title='bbox 1821 1803 1887 1836; x_wconf 81' lang='lat' dir='ltr'>Pie-</span> 
     </span>
     <span class='ocr_line' id='line_1_32' title="bbox 437 1857 1621 1902; baseline -0.004 -8"><span class='ocrx_word' id='word_1_297' title='bbox 437 1863 507 1895; x_wconf 80' lang='lat' dir='ltr'>tatis</span> <span class='ocrx_word' id='word_1_298' title='bbox 533 1862 624 1895; x_wconf 82' lang='lat' dir='ltr'>Urbis</span> <span class='ocrx_word' id='word_1_299' title='bbox 644 1861 769 1901; x_wconf 74' lang='lat' dir='ltr'>attinet,</span> <span class='ocrx_word' id='word_1_300' title='bbox 795 1861 866 1892; x_wconf 76' lang='lat' dir='ltr'>vide</span> <span class='ocrx_word' id='word_1_301' title='bbox 890 1859 1091 1902; x_wconf 86' lang='lat' dir='ltr'>Depositarii,</span> <span class='ocrx_word' id='word_1_302' title='bbox 1117 1858 1285 1890; x_wconf 81' lang='lat' dir='ltr'>Exactores</span> <span class='ocrx_word' id='word_1_303' title='bbox 1309 1862 1336 1890; x_wconf 81' lang='lat' dir='ltr'>et</span> <span class='ocrx_word' id='word_1_304' title='bbox 1361 1857 1621 1890; x_wconf 81' lang='lat' dir='ltr'>Ratiocinatores.</span> 
     </span>
    </p>

    <p class='ocr_par' dir='ltr' id='par_1_10' title="bbox 346 1910 1888 2064">
     <span class='ocr_line' id='line_1_33' title="bbox 346 1910 1887 1959; baseline -0.005 -10"><span class='ocrx_word' id='word_1_305' title='bbox 346 1917 433 1950; x_wconf 85' lang='lat' dir='ltr'>Mons</span> <span class='ocrx_word' id='word_1_306' title='bbox 457 1916 647 1959; x_wconf 79' lang='lat' dir='ltr'>l‘urgatorii.</span> <span class='ocrx_word' id='word_1_307' title='bbox 675 1934 718 1938; x_wconf 77' lang='lat'>—</span> <span class='ocrx_word' id='word_1_308' title='bbox 741 1914 853 1947; x_wconf 82' lang='lat' dir='ltr'>Montis</span> <span class='ocrx_word' id='word_1_309' title='bbox 878 1925 934 1957; x_wconf 88' lang='lat' dir='ltr'>pro</span> <span class='ocrx_word' id='word_1_310' title='bbox 960 1913 1125 1945; x_wconf 86' lang='lat' dir='ltr'>animabus</span> <span class='ocrx_word' id='word_1_311' title='bbox 1149 1911 1325 1955; x_wconf 79' lang='lat' dir='ltr'>purgatorii</span> <span class='ocrx_word' id='word_1_312' title='bbox 1346 1910 1539 1943; x_wconf 82' lang='lat' dir='ltr'>erectionem</span> <span class='ocrx_word' id='word_1_313' title='bbox 1565 1914 1595 1943; x_wconf 86' lang='lat' dir='ltr'>et</span> <span class='ocrx_word' id='word_1_314' title='bbox 1619 1919 1808 1953; x_wconf 83' lang='lat' dir='ltr'>progressus</span> <span class='ocrx_word' id='word_1_315' title='bbox 1829 1910 1887 1942; x_wconf 87' lang='lat' dir='ltr'>Ma-</span> 
     </span>
     <span class='ocr_line' id='line_1_34' title="bbox 435 1963 1888 2007; baseline -0.005 -6"><span class='ocrx_word' id='word_1_316' title='bbox 435 1969 499 2001; x_wconf 90' lang='lat' dir='ltr'>triti</span> <span class='ocrx_word' id='word_1_317' title='bbox 520 1970 622 2007; x_wconf 80' lang='lat' dir='ltr'>refert,</span> <span class='ocrx_word' id='word_1_318' title='bbox 640 1968 699 2001; x_wconf 75' lang='lat'>601</span> <span class='ocrx_word' id='word_1_319' title='bbox 719 1969 753 2007; x_wconf 71' lang='lat' dir='ltr'>b,</span> <span class='ocrx_word' id='word_1_320' title='bbox 779 1973 812 1999; x_wconf 88' lang='lat' dir='ltr'>ut</span> <span class='ocrx_word' id='word_1_321' title='bbox 837 1977 929 1999; x_wconf 87' lang='lat' dir='ltr'>nemo</span> <span class='ocrx_word' id='word_1_322' title='bbox 955 1971 1175 1999; x_wconf 77' lang='lat' dir='ltr'>testamentum</span> <span class='ocrx_word' id='word_1_323' title='bbox 1202 1965 1358 1997; x_wconf 82' lang='lat' dir='ltr'>conficere</span> <span class='ocrx_word' id='word_1_324' title='bbox 1385 1965 1414 1995; x_wconf 93' lang='lat' dir='ltr'>in</span> <span class='ocrx_word' id='word_1_325' title='bbox 1440 1963 1582 2007; x_wconf 87' lang='lat' dir='ltr'>partibus</span> <span class='ocrx_word' id='word_1_326' title='bbox 1600 1963 1757 1996; x_wconf 78' lang='lat' dir='ltr'>indiarum</span> <span class='ocrx_word' id='word_1_327' title='bbox 1776 1964 1888 2004; x_wconf 83' lang='lat' dir='ltr'>valeat,</span> 
     </span>
     <span class='ocr_line' id='line_1_35' title="bbox 436 2015 1888 2064; baseline -0.003 -11"><span class='ocrx_word' id='word_1_328' title='bbox 436 2021 511 2064; x_wconf 82' lang='lat' dir='ltr'>quin</span> <span class='ocrx_word' id='word_1_329' title='bbox 525 2021 661 2064; x_wconf 85' lang='lat' dir='ltr'>aliquam</span> <span class='ocrx_word' id='word_1_330' title='bbox 676 2021 906 2063; x_wconf 71' lang='lat' dir='ltr'>eleemosynam</span> <span class='ocrx_word' id='word_1_331' title='bbox 922 2018 1140 2062; x_wconf 85' lang='lat' dir='ltr'>applicandam</span> <span class='ocrx_word' id='word_1_332' title='bbox 1156 2018 1252 2050; x_wconf 84' lang='lat' dir='ltr'>Monti</span> <span class='ocrx_word' id='word_1_333' title='bbox 1273 2017 1436 2060; x_wconf 77' lang='lat' dir='ltr'>praedicto</span> <span class='ocrx_word' id='word_1_334' title='bbox 1450 2017 1622 2060; x_wconf 83' lang='lat' dir='ltr'>relinquat,</span> <span class='ocrx_word' id='word_1_335' title='bbox 1639 2016 1754 2057; x_wconf 81' lang='lat' dir='ltr'>statuit,</span> <span class='ocrx_word' id='word_1_336' title='bbox 1773 2015 1836 2048; x_wconf 71' lang='lat'>602</span> <span class='ocrx_word' id='word_1_337' title='bbox 1855 2028 1888 2049; x_wconf 78' lang='lat' dir='ltr'>a.</span> 
     </span>
    </p>
   </div>
   <div class='ocr_carea' id='block_1_3' title="bbox 1110 2150 1132 2181">
    <p class='ocr_par' dir='ltr' id='par_1_11' title="bbox 1110 2150 1132 2181">
     <span class='ocr_line' id='line_1_36' title="bbox 1110 2150 1132 2181; baseline 0 0"><span class='ocrx_word' id='word_1_338' title='bbox 1110 2150 1132 2181; x_wconf 75' lang='lat' dir='ltr'><strong>N</strong></span> 
     </span>
    </p>
   </div>
   <div class='ocr_carea' id='block_1_4' title="bbox 352 2281 1893 2639">
    <p class='ocr_par' dir='ltr' id='par_1_12' title="bbox 352 2281 1260 2327">
     <span class='ocr_line' id='line_1_37' title="bbox 352 2281 1260 2327; baseline -0.006 -10"><span class='ocrx_word' id='word_1_339' title='bbox 352 2283 522 2327; x_wconf 66' lang='lat' dir='ltr'>Noophyd,</span> <span class='ocrx_word' id='word_1_340' title='bbox 547 2284 617 2315; x_wconf 61' lang='lat' dir='ltr'>vide</span> <span class='ocrx_word' id='word_1_341' title='bbox 643 2283 919 2317; x_wconf 88' lang='lat' dir='ltr'>Conservatorium</span> <span class='ocrx_word' id='word_1_342' title='bbox 945 2281 1260 2315; x_wconf 79' lang='lat' dir='ltr'>Cateehumenorum.</span> 
     </span>
    </p>

    <p class='ocr_par' dir='ltr' id='par_1_13' title="bbox 354 2333 1893 2639">
     <span class='ocr_line' id='line_1_38' title="bbox 354 2333 1891 2378; baseline -0.003 -10"><span class='ocrx_word' id='word_1_343' title='bbox 354 2337 491 2369; x_wconf 80' lang='lat' dir='ltr'>Nuncius</span> <span class='ocrx_word' id='word_1_344' title='bbox 516 2335 725 2378; x_wconf 78' lang='lat' dir='ltr'>Apostolicus.</span> <span class='ocrx_word' id='word_1_345' title='bbox 754 2355 793 2359; x_wconf 85' lang='lat'>-—</span> <span class='ocrx_word' id='word_1_346' title='bbox 820 2335 976 2367; x_wconf 74' lang='lat' dir='ltr'>Adversus</span> <span class='ocrx_word' id='word_1_347' title='bbox 1008 2334 1212 2366; x_wconf 87' lang='lat' dir='ltr'>nunciaturae</span> <span class='ocrx_word' id='word_1_348' title='bbox 1245 2333 1437 2376; x_wconf 84' lang='lat' dir='ltr'>apostolieae</span> <span class='ocrx_word' id='word_1_349' title='bbox 1477 2333 1507 2364; x_wconf 90' lang='lat' dir='ltr'>in</span> <span class='ocrx_word' id='word_1_350' title='bbox 1543 2333 1691 2365; x_wconf 88' lang='lat' dir='ltr'>Poloniae</span> <span class='ocrx_word' id='word_1_351' title='bbox 1723 2343 1821 2375; x_wconf 80' lang='lat' dir='ltr'>regno</span> <span class='ocrx_word' id='word_1_352' title='bbox 1854 2333 1891 2365; x_wconf 94' lang='lat' dir='ltr'>li-</span> 
     </span>
     <span class='ocr_line' id='line_1_39' title="bbox 442 2385 1892 2431; baseline -0.001 -12"><span class='ocrx_word' id='word_1_353' title='bbox 442 2389 593 2421; x_wconf 84' lang='lat' dir='ltr'>bertatem</span> <span class='ocrx_word' id='word_1_354' title='bbox 620 2394 687 2420; x_wconf 79' lang='lat' dir='ltr'>acta</span> <span class='ocrx_word' id='word_1_355' title='bbox 712 2388 866 2431; x_wconf 75' lang='lat' dir='ltr'>quaedam</span> <span class='ocrx_word' id='word_1_356' title='bbox 891 2392 1033 2419; x_wconf 85' lang='lat' dir='ltr'>emanata</span> <span class='ocrx_word' id='word_1_357' title='bbox 1058 2397 1114 2429; x_wconf 85' lang='lat' dir='ltr'>per</span> <span class='ocrx_word' id='word_1_358' title='bbox 1138 2386 1270 2419; x_wconf 73' lang='lat' dir='ltr'>OrdInes</span> <span class='ocrx_word' id='word_1_359' title='bbox 1295 2387 1385 2428; x_wconf 84' lang='lat' dir='ltr'>regui</span> <span class='ocrx_word' id='word_1_360' title='bbox 1409 2386 1493 2418; x_wconf 89' lang='lat' dir='ltr'>illius</span> <span class='ocrx_word' id='word_1_361' title='bbox 1518 2386 1603 2417; x_wconf 87' lang='lat' dir='ltr'>nulla</span> <span class='ocrx_word' id='word_1_362' title='bbox 1629 2385 1810 2425; x_wconf 81' lang='lat' dir='ltr'>declaravit,</span> <span class='ocrx_word' id='word_1_363' title='bbox 1829 2385 1892 2418; x_wconf 74' lang='lat'>7025</span> 
     </span>
     <span class='ocr_line' id='line_1_40' title="bbox 444 2438 1893 2483; baseline 0 -13"><span class='ocrx_word' id='word_1_364' title='bbox 444 2442 459 2470; x_wconf 75' lang='lat'>1&gt;</span> <span class='ocrx_word' id='word_1_365' title='bbox 484 2446 513 2473; x_wconf 81' lang='lat' dir='ltr'>et</span> <span class='ocrx_word' id='word_1_366' title='bbox 537 2451 612 2483; x_wconf 73' lang='lat' dir='ltr'>seq.;</span> <span class='ocrx_word' id='word_1_367' title='bbox 646 2441 759 2472; x_wconf 86' lang='lat' dir='ltr'>nuncio</span> <span class='ocrx_word' id='word_1_368' title='bbox 785 2441 988 2483; x_wconf 76' lang='lat' dir='ltr'>Neapolitano</span> <span class='ocrx_word' id='word_1_369' title='bbox 1014 2440 1190 2472; x_wconf 78' lang='lat' dir='ltr'>facultatem</span> <span class='ocrx_word' id='word_1_370' title='bbox 1218 2449 1397 2472; x_wconf 79' lang='lat' dir='ltr'>concessam</span> <span class='ocrx_word' id='word_1_371' title='bbox 1424 2439 1615 2482; x_wconf 71' lang='lat' dir='ltr'>procedendi</span> <span class='ocrx_word' id='word_1_372' title='bbox 1647 2444 1756 2471; x_wconf 86' lang='lat' dir='ltr'>contra</span> <span class='ocrx_word' id='word_1_373' title='bbox 1786 2438 1893 2471; x_wconf 86' lang='lat' dir='ltr'>cuius-</span> 
     </span>
     <span class='ocr_line' id='line_1_41' title="bbox 447 2491 1893 2535; baseline 0 -12"><span class='ocrx_word' id='word_1_374' title='bbox 447 2504 580 2535; x_wconf 72' lang='lat' dir='ltr'>cumque</span> <span class='ocrx_word' id='word_1_375' title='bbox 605 2493 728 2524; x_wconf 76' lang='lat' dir='ltr'>Ordinis</span> <span class='ocrx_word' id='word_1_376' title='bbox 754 2493 936 2535; x_wconf 69' lang='lat' dir='ltr'>religiosos,</span> <span class='ocrx_word' id='word_1_377' title='bbox 962 2494 1066 2525; x_wconf 80' lang='lat' dir='ltr'>favore</span> <span class='ocrx_word' id='word_1_378' title='bbox 1092 2493 1319 2525; x_wconf 73' lang='lat' dir='ltr'>monachorum</span> <span class='ocrx_word' id='word_1_379' title='bbox 1346 2492 1457 2524; x_wconf 83' lang='lat' dir='ltr'>Montis</span> <span class='ocrx_word' id='word_1_380' title='bbox 1482 2491 1618 2534; x_wconf 79' lang='lat' dir='ltr'>Virginis</span> <span class='ocrx_word' id='word_1_381' title='bbox 1644 2497 1731 2524; x_wconf 91' lang='lat' dir='ltr'>motu</span> <span class='ocrx_word' id='word_1_382' title='bbox 1762 2491 1893 2534; x_wconf 90' lang='lat' dir='ltr'>proprio</span> 
     </span>
     <span class='ocr_line' id='line_1_42' title="bbox 446 2543 1891 2589; baseline -0.001 -13"><span class='ocrx_word' id='word_1_383' title='bbox 446 2545 636 2582; x_wconf 74' lang='lat' dir='ltr'>declaravit,</span> <span class='ocrx_word' id='word_1_384' title='bbox 660 2545 725 2577; x_wconf 59' lang='lat'>8024</span> <span class='ocrx_word' id='word_1_385' title='bbox 749 2557 768 2578; x_wconf 87' lang='grc' dir='ltr'><em>α</em></span> <span class='ocrx_word' id='word_1_386' title='bbox 792 2552 820 2578; x_wconf 84' lang='lat' dir='ltr'>et</span> <span class='ocrx_word' id='word_1_387' title='bbox 844 2557 923 2589; x_wconf 54' lang='lat' dir='ltr'>serp,</span> <span class='ocrx_word' id='word_1_388' title='bbox 949 2546 1021 2577; x_wconf 75' lang='lat' dir='ltr'>m&#39;de</span> <span class='ocrx_word' id='word_1_389' title='bbox 1057 2545 1197 2577; x_wconf 78' lang='lat' dir='ltr'>Menaeni</span> <span class='ocrx_word' id='word_1_390' title='bbox 1230 2544 1355 2577; x_wconf 88' lang='lat' dir='ltr'>Ordinis</span> <span class='ocrx_word' id='word_1_391' title='bbox 1386 2545 1415 2577; x_wconf 74' lang='lat' dir='ltr'>S.</span> <span class='ocrx_word' id='word_1_392' title='bbox 1442 2544 1600 2577; x_wconf 82' lang='lat' dir='ltr'>Benedicti</span> <span class='ocrx_word' id='word_1_393' title='bbox 1633 2543 1891 2586; x_wconf 85' lang='lat' dir='ltr'>Congregationis</span> 
     </span>
     <span class='ocr_line' id='line_1_43' title="bbox 446 2597 729 2639; baseline 0 -10"><span class='ocrx_word' id='word_1_394' title='bbox 446 2597 556 2629; x_wconf 86' lang='lat' dir='ltr'>Montis</span> <span class='ocrx_word' id='word_1_395' title='bbox 582 2597 729 2639; x_wconf 73' lang='lat' dir='ltr'>Virginis.</span> 
     </span>
    </p>
   </div>
  </div>
 </body>
</html>
