2170 3147
0 225 38 252 ln.
54 223 82 251 C.
104 223 171 250 1724

756 220 949 245 RENEDICTL'S
977 222 1032 244 xiil
1059 222 1106 244 PP-

181 280 246 303 ram
271 280 303 303 se
329 269 386 302 rite
418 269 568 302 discussis
601 274 633 302 ct
666 269 910 312 comprobatis,

181 333 252 356 eiim
277 323 391 354 statuta
416 321 467 354 die
485 321 516 354 in
538 326 722 354 sanctornm
750 321 848 353 fastos
867 331 912 353 re-

182 376 346 408 ferendum
363 374 601 418 pronunciavit.
621 374 732 417 Itaque
750 373 912 406 dominica

179 428 320 460 secunda
343 433 414 471 post
446 427 564 459 Christi
598 426 720 459 domini
752 426 912 459 Resurre-

179 482 328 520 ctionem,
354 481 458 524 pridie
477 480 546 513 idus
563 480 687 523 aprilis,
708 479 911 522 pontificatus

181 535 226 567 siii
253 544 336 570 anno
362 545 384 573 1,
408 544 478 566 eiim
508 533 540 565 in
565 537 810 565 sacrosanctam·
829 531 913 563 basi-

181 587 273 620 licam
307 587 343 620 B.
373 585 457 619 Petri
493 585 649 628 principis
690 585 911 628 apostolorum

181 640 318 673 solemni
359 639 419 671 ritu
452 638 689 671 caeremoniam
724 642 912 680 peracturus

181 692 407 736 processisset,
433 692 554 731 semel,
583 691 698 724 iterum
726 695 757 723 et
782 689 911 722 tertium

181 746 304 779 iteratis
329 746 368 779 ad
394 746 491 778 Deum
520 743 684 787 precibus,
708 743 739 775 in
766 742 911 785 plenario

182 804 340 832 conventu
366 797 600 830 venerabilium
628 796 759 828 fratrum
785 795 815 828 S.
832 795 911 827 RE.

181 849 392 882 cardinalium
413 848 679 892 patriarcharum,
697 846 914 890 archiepisco-

182 913 296 946 porum
321 906 352 935 et
383 902 610 945 episcoporum
647 911 706 944 pro
740 899 912 932 Francisco

183 955 297 998 Borgia
335 961 514 987 sanctorum
547 953 764 986 consessorum
796 951 911 985 canoni

183 1008 394 1042 adscribendo
418 1007 557 1040 unanimi
589 1006 732 1039 omnium
757 1006 913 1038 acelama-

184 1061 270 1093 tione
296 1066 327 1093 et
351 1059 499 1102 suffragio
531 1065 604 1103 post
635 1069 743 1091 sacros
774 1058 911 1101 hymnos

182 1123 358 1156 precesque
384 1113 421 1145 ad
447 1112 543 1145 Deum
574 1112 626 1155 pie
652 1112 736 1144 susas
761 1116 793 1144 et
819 1111 913 1143 Para-

182 1165 255 1209 clyti
279 1165 414 1208 Spiritus
439 1165 573 1208 gratiam
598 1165 691 1198 enixe
717 1164 913 1201 invocatam,

182 1219 221 1251 ad
238 1219 395 1251 honorem
417 1223 544 1250 sanctae
565 1224 596 1250 et
619 1217 800 1250 individuae
814 1216 914 1249 Trini-

183 1271 269 1312 tatis,
286 1271 511 1304 exaltationem
529 1270 602 1303 fidei
621 1271 809 1309 catholicae,
828 1270 913 1302 clii-i-

183 1325 368 1367 stianaeque
403 1323 569 1366 religionis
605 1323 911 1366 amplificationem,

183 1379 370 1411 auctoritate
389 1378 618 1420 omnipotentis
635 1377 689 1410 Dei
714 1377 823 1417 Patris,
845 1376 913 1409 Filii

183 1436 214 1463 et
237 1430 374 1473 Spiritus
398 1430 570 1468 sanciant
595 1430 762 1463 beatorum
788 1435 916 1473 aposto-

183 1483 288 1515 lorum
304 1483 384 1516 Petri
403 1488 433 1515 et
446 1483 544 1523 Pauli,
565 1483 694 1516 beatum
711 1483 914 1515 Franciscum

184 1536 332 1578 Borgiain
375 1535 542 1568 Societatis
582 1536 651 1568 lesu
691 1535 914 1579 presbyterum

182 1588 367 1631 Hispanum,
393 1588 431 1621 dc
456 1589 544 1622 cuius
565 1589 739 1627 sanctitate,
758 1587 832 1621 fidei
855 1588 916 1621 sin-

183 1642 325 1682 ceritate,
352 1641 561 1685 omniumque
582 1642 733 1674 virtutum
756 1642 915 1684 maguitu-

181 1694 258 1726 dine
284 1705 319 1727 ac
344 1694 569 1727 miraculorum
597 1695 785 1728 excellentia
810 1705 915 1727 cuinu-

182 1747 246 1780 late
261 1748 457 1787 constiterat,
471 1749 534 1780 ima
549 1759 621 1781 cum
635 1748 737 1781 beatis
752 1748 917 1781 consesso-

183 1801 271 1833 ribus
297 1811 360 1834 non
382 1800 586 1844 pontificibus
607 1801 758 1844 Philippo
779 1801 913 1841 Benitio‚

183 1853 332 1886 Caietano
355 1854 529 1892 Tliienaeo,
547 1854 709 1887 Ludorico
729 1855 913 1894 Beltranilo,

184 1911 215 1939 et
238 1907 361 1950 virgine
378 1917 443 1940 non
464 1913 602 1951 martyre
623 1907 709 1940 nos-:1
727 1917 743 1939 a
757 1907 788 1940 S.
809 1907 913 1947 Maria,

183 1965 329 1992 sanctum
347 1960 566 1993 consessorem
584 1970 655 1993 esse
674 1960 826 2001 decrevit,
846 1971 916 1993 san-

184 2017 305 2045 ctorum
329 2012 547 2046 consessorum
572 2023 637 2046 non
659 2012 846 2056 pontificum
868 2024 916 2046 ca-

185 2064 262 2097 noni
297 2065 478 2108 adscripsit,
508 2069 601 2109 atque
638 2066 845 2109 imposterum
877 2065 916 2098 ab

185 2117 344 2149 universis
369 2117 636 2151 christifidelibus
658 2124 818 2162 tamquam
845 2129 915 2152 vere

185 2168 334 2201 Sanctum
358 2170 543 2211 colendum,
567 2171 781 2205 invocandum
814 2173 917 2205 hono-

186 2222 399 2265 randumque,
426 2223 537 2256 statuit
561 2229 590 2256 ct
615 2224 770 2265 desinivit,
790 2225 829 2258 ad
851 2225 917 2258 eius

186 2274 346 2308 honorem
381 2286 486 2308 sacras
525 2277 623 2309 aedes
659 2282 753 2320 atque
793 2279 916 2317 altaria,

184 2327 239 2359 ubi
264 2327 468 2361 incruentum
493 2328 687 2362 sacrificium
713 2329 778 2362 Deo
804 2329 919 2362 oll'era-

1617 210 1652 243 st

957 268 1016 301 lica
1056 269 1248 302 auctoritate
1291 268 1451 301 universis
1489 274 1520 301 et
1557 267 1692 310 singulis

956 321 1240 361 christifidelibus,
1265 321 1318 364 qui
1345 321 1427 354 dicta
1463 321 1513 354 dic
1547 321 1690 354 eiusdem

956 373 1056 409 sancti
1082 373 1278 406 confessoris
1303 374 1514 417 sepulchrum
1550 378 1581 406 et
1616 383 1688 406 cor-

955 427 1124 468 pusculum
1153 427 1265 460 devote
1290 427 1489 466 visitassent,
1516 437 1618 460 annos
1645 437 1692 458 se-

956 484 1042 521 ptem
1061 485 1090 511 et
1109 480 1240 512 totidem
1258 481 1493 522 quadragenas,
1513 480 1594 512 infra
1613 490 1690 512 vero

956 537 1097 564 octavam
1123 532 1337 575 quadraginta
1363 533 1430 565 dies
1463 534 1502 565 de
1539 533 1692 565 iniuncti<

956 594 1011 616 seii
1042 585 1158 617 debitis
1194 585 1403 628 poenitentiis
1438 586 1693 618 misericorditer

955 638 1119 670 relaxavit.
1158 638 1213 670 Ilis
1248 638 1409 681 peractis,
1435 638 1535 672 Deum
1569 643 1691 681 patrem

956 695 1129 730 aeternum,
1166 701 1342 733 regemque
1380 691 1503 733 gloriae
1533 690 1692 724 Christum

957 743 1144 782 Dominum,
1170 743 1270 775 Patris
1296 744 1530 786 sempiternum
1558 743 1691 780 Filium,

956 795 1172 838 Sanc-tumque
1192 796 1392 840 Paraclytiim
1410 796 1575 839 Spiritum,
1596 807 1693 828 unuin

956 848 1055 881 Deum
1081 854 1176 892 atque
1207 859 1304 882 iiniim
1343 849 1533 889 Dominum,
1566 849 1695 892 hymnis

957 908 988 934 et
1005 902 1157 935 laudibus
1173 907 1354 942 veneratus,
1373 902 1529 945 peculiari
1549 903 1694 935 oratione

957 955 989 987 iu
1016 955 1246 1000 lionoreiuss.
1285 955 1445 988 Fraucisci
1482 955 1618 998 Borgiac
1656 956 1694 987 ad

956 1008 1054 1041 Deum
1079 1011 1224 1047 cantata,
1252 1008 1384 1041 missam
1409 1008 1441 1041 in
1473 1010 1527 1041 ara
1559 1009 1694 1041 maxima

957 1071 1054 1105 super
1071 1061 1307 1094 consessionem
1323 1061 1411 1094 Beati
1426 1061 1511 1094 Petri
1530 1072 1602 1094 cuin
1616 1061 1696 1094 eius-

957 1114 1028 1147 dem
1064 1114 1223 1147 Francisci
1264 1113 1572 1147 commemoratione
1608 1115 1695 1146 cele-

956 1167 1078 1206 bravit,
1111 1167 1261 1200 omnibus
1294 1166 1561 1200 christifidelibus
1589 1171 1694 1199 tantae

957 1220 1182 1253 caeremoniae
1218 1220 1446 1262 praesentibus
1487 1225 1694 1263 peccatorum

958 1272 1192 1315 indulgentiam
1218 1272 1363 1315 largitus.

1002 1326 1016 1369 ἓ
1039 1325 1071 1358 lt.
1098 1325 1141 1358 Ne
1168 1336 1242 1358 vero
1262 1326 1300 1358 de
1318 1325 1504 1359 huiusmodi
1523 1325 1694 1358 Clementis

958 1379 1062 1421 Papae
1077 1379 1101 1411 X
1120 1379 1250 1412 decreto
1280 1379 1470 1421 apostolico,
1496 1378 1695 1417 delinitione,

958 1432 1135 1472 sanctione,
1162 1432 1334 1471 relatione,
1362 1432 1586 1473 concessione,
1614 1438 1696 1465 cete-

959 1486 1065 1528 risque
1096 1485 1304 1528 praemissis,
1337 1491 1511 1528 propterca
1543 1486 1629 1529 quod
1657 1487 1696 1518 ab

959 1539 1074 1572 eodem
1099 1538 1263 1572 Clemente
1288 1544 1320 1571 et
1344 1538 1383 1571 ab
1410 1538 1476 1571 eius
1503 1539 1698 1572 successori-

958 1592 1016 1625 bus
1042 1592 1228 1625 Innocentio
1255 1591 1307 1631 XI,
1334 1591 1517 1625 Alexandro
1543 1592 1621 1631 Ylll,
1648 1592 1695 1624 ln-

959 1645 1109 1677 noceiitio
1136 1644 1202 1683 ΧΠ,
1228 1643 1393 1677 Clemente
1421 1644 1457 1676 xl
1484 1650 1515 1677 et
1540 1644 1697 1677 Innocen-

960 1698 993 1730 tii
1019 1697 1085 1730 Xlll
1111 1697 1182 1740 piae
1209 1698 1385 1730 memoriae
1411 1697 1563 1731 Romanis
1589 1698 1698 1730 Ponti-

960 1750 1072 1782 ficibus
1126 1749 1356 1783 decessoribus
1402 1750 1521 1783 nostris
1570 1751 1697 1784 litterae

959 1803 1139 1836 decretales
1166 1803 1204 1836 de
1231 1814 1322 1836 more
1348 1802 1548 1846 conscriptae
1575 1809 1604 1836 et
1629 1814 1699 1846 pro—

959 1857 1119 1898 mulgatae
1145 1866 1208 1888 uon
1235 1855 1363 1895 suerint,
1383 1856 1536 1900 deinceps
1556 1867 1697 1899 unquam

960 1909 1064 1953 possit
1088 1909 1333 1952 quomodolibet
1351 1909 1521 1949 haesitari,
1541 1920 1609 1949 nos,
1633 1910 1696 1952 qui,

960 1962 1084 1995 meritis
1110 1962 1186 1995 licet
1210 1961 1400 2005 imparibus,
1418 1963 1614 2006 disponente
1640 1963 1699 1996 Do-

960 2015 1059 2054 mino,
1086 2015 1118 2047 in
1143 2014 1296 2048 cathedra
1322 2015 1357 2047 B.
1385 2014 1470 2047 Petri
1489 2015 1603 2047 iisdem
1629 2025 1698 2047 ειπε-

960 2067 1128 2107 cessimus,
1154 2069 1313 2107 volumus,
1333 2072 1365 2100 et
1385 2068 1565 2111 apostolica
1590 2074 1698 2100 aucto-

961 2120 1053 2153 ritate
1079 2121 1257 2160 statuimus,
1294 2125 1328 2152 ut
1353 2121 1533 2161 decretum,
1560 2121 1695 2158 sanctio,

962 2173 1088 2214 relatio,
1117 2173 1302 2216 adscriptio,
1329 2173 1507 2213 concessio,
1527 2179 1699 2217 ceteraque

961 2226 1117 2258 hactenus
1152 2231 1351 2265 memorata,
1384 2238 1402 2260 a
1431 2226 1491 2259 iam
1517 2227 1568 2259 die
1594 2227 1697 2269 pridie

962 2278 1032 2310 idus
1063 2279 1176 2321 aprilis
1202 2279 1277 2311 anni
1303 2288 1442 2312 ilinchxi
1473 2290 1564 2312 siiiiui
1596 2280 1698 2312 unde-

961 2341 1088 2374 quaque
1114 2337 1145 2364 et
1169 2331 1354 2374 plenarium
1384 2338 1630 2376 consequantur
1655 2333 1698 2365 es„

186 2385 245 2420 tur,
271 2381 417 2413 construi
443 2387 475 2414 et
498 2381 608 2422 dicari,
634 2382 808 2425 quotannis
828 2393 845 2415 v
863 2393 918 2415 uo-
937 2322 941 2482 ι
962 2384 1086 2424 sectum,
1113 2395 1149 2417 ae
1173 2385 1199 2417 si
1225 2395 1322 2427 super
1346 2385 1411 2418 illis
1435 2386 1475 2418 ab
1501 2387 1617 2419 eodem
1635 2385 1699 2419 Cle-

185 2443 242 2465 nas
266 2433 407 2466 octobris
434 2433 520 2467 illius
544 2435 743 2475 memoriam,
763 2441 798 2468 iit
817 2437 917 2469 sancti

185 2486 378 2519 confessoris
392 2496 457 2519 nori
475 2487 712 2530 pontifici-*mie
731 2489 804 2529 coli,
822 2495 916 2533 atque

185 2538 290 2572 officio
315 2545 347 2572 et
371 2540 466 2572 missa
492 2540 552 2572 ritii
584 2540 615 2573 S.
639 2540 675 2573 R.
699 2541 732 2573 E.
762 2542 915 2574 honorari

185 2592 419 2636 pronunciavit.
443 2592 488 2626 Ad
507 2592 567 2626 lioc
586 2593 697 2627 eadem
716 2595 772 2626 susi
793 2600 917 2638 aposto-

961 2442 1067 2469 mente
1085 2437 1171 2480 Papa
1191 2438 1215 2470 X
1241 2438 1365 2471 litterae
1385 2439 1563 2472 decretales
1586 2450 1698 2472 revera

961 2490 1072 2522 eadem
1098 2490 1148 2522 die
1174 2491 1376 2534 conscriptae
1399 2498 1430 2525 et
1456 2492 1494 2524 de
1514 2503 1604 2525 more
1623 2503 1699 2535 pro—

961 2544 1121 2585 mulgatae
1138 2543 1283 2584 fuissent,
1298 2550 1331 2576 iit
1349 2545 1498 2588 superius
1514 2551 1694 2578 enarratur.

968 2605 1005 2631 §l
1030 2604 1096 2631 Male
1118 2605 1182 2632 edit.
1204 2604 1281 2633 Maiii.
1305 2606 1366 2640 legit
1390 2607 1476 2634 missa
1497 2612 1535 2641 tiit
1552 2609 1600 2641 r).

1704 219 1753 245 An.
1770 218 1798 246 C.
1821 219 1888 246 1724

1729 1336 1743 1356 C
1752 1342 1810 1356 iiisaa
1830 1336 1890 1355 bitini

1706 1366 1861 1383 constitutionis
