2170 3147
31 251 80 279 Ᾰιι.
101 251 130 278 C.
150 249 217 278 ⁴725

42 1581 56 1601 Α
67 1579 161 1605 pluribus
172 1577 211 1598 Pm-

29 1612 95 1626 manis
127 1606 212 1626 rouun-

29 1633 91 1653 cibus
110 1637 210 1652 cont-msa

29 1660 88 1679 fuere
100 1658 211 1684 privilraia

30 1686 87 1707 dicto
103 1685 184 1708 Ordini.

813 251 1006 277 BENEDICTUS
1032 251 1088 276 xm
1112 252 1160 276 1³1².

225 304 289 332 tres
313 299 442 332 Ordinis
468 299 502 332 B.
531 298 646 332 Mariae
673 298 711 332 de
737 299 885 333 Mercede
916 311 964 334 re-

224 351 421 395 demptionis
456 351 655 395 captivorum
692 353 891 395 nuncupati,
922 354 962 386 ob

223 405 394 437 innumera
419 403 548 446 pietatis
573 404 772 437 incrementa
802 415 884 447 quae
911 416 964 438 eo-

223 456 368 489 rumdem
388 457 519 488 fratrum
537 466 638 499 opere
655 462 687 488 et
704 466 858 489 sermone
880 457 963 489 iuxta

224 519 334 542 eorum
353 509 515 542 laudabile
542 514 572 542 et
590 509 726 542 caelitus
743 510 782 542 ad
800 510 964 542 redimen-

224 562 282 595 dos
316 562 458 605 captivos
491 562 602 595 fideles
635 562 819 595 infidelibus
845 563 963 595 misere

223 615 437 648 inservientes
463 615 613 648 emissum
639 614 822 647 institutum
840 614 963 647 efflore-

223 667 311 707 bant,
328 678 432 712 eaque
458 668 616 707 admirati,
636 667 821 700 innumeras
847 677 964 710 prope-

223 721 353 754 modum
372 722 490 764 gratias
508 725 540 754 et
562 720 731 764 privilegia
752 732 787 753 ex
806 720 963 753 inexhau-

223 778 273 806 sto
301 773 466 807 Ecclesiae
493 774 646 807 thesauro
672 774 807 817 provida
832 779 962 817 aposto-

223 826 302 859 licae
321 825 494 860 libertatis¹
512 836 608 859 manu
628 827 837 870 depromptas
856 826 962 859 debite

223 880 438 918 contulerant,
454 879 568 912 fratres
586 879 757 923 praedicti,
777 884 961 923 opportuno

222 932 396 975 gratiarum
430 938 461 966 et
497 932 737 976 privilegiorum
775 932 961 965 huiusmodi

223 984 322 1018 adiuti
337 985 492 1025 subsidio,
510 984 696 1019 uberiores³
713 986 751 1018 ad
766 986 962 1029 redemptio-

223 1038 272 1071 nis
304 1038 489 1072 huiusmodi
522 1039 773 1072 foecunditatem
795 1038 959 1082 divinique

222 1091 363 1124 nominis
405 1092 541 1135 gloriam
577 1092 819 1136 propagandam
861 1092 961 1135 magis

222 1144 388 1188 magisque
409 1143 523 1178 efferre
548 1155 614 1178 non
640 1145 793 1178 desinunt
809 1145 841 1177 in
864 1144 960 1186 dics),

222 1208 370 1241 aequum,
386 1198 464 1241 quin
479 1198 621 1231 debitum
638 1204 825 1242 reputamus
843 1199 960 1241 gratias

223 1255 254 1283 et
274 1250 444 1294 privilegia
467 1251 743 1295 liuiusrnodis'non
773 1254 876 1285 solnm
906 1263 961 1296 ap-

221 1305 375 1348 probare,
395 1316 506 1338 verum
532 1305 629 1338 etiam
656 1306 834 1349 approbata
855 1316 891 1339 ex
909 1306 962 1338 be-

222 1357 380 1400 nignitate
405 1357 514 1392 nostra
540 1359 706 1402 ampliare⁷
732 1364 776 1399 ut,
802 1360 962 1402 ampliatis

222 1411 282 1445 sibi
301 1423 318 1445 a
339 1412 433 1446 nobis
448 1418 477 1446 et
491 1412 572 1446 Sede
589 1413 772 1456 Apostotiea
790 1413 959 1454 favoribus,

222 1465 399 1509 ampliores
424 1465 576 1499 militanti
595 1465 767 1505 Ecclesiae,
791 1466 845 1498 Dei
865 1477 961 1509 spon-

222 1529 292 1559 sae,
319 1519 459 1551 referant
485 1519 680 1562 triumphos.

267 1572 328 1616 §L
343 1572 418 1606 Cum
436 1572 554 1616 itaque,
568 1573 646 1605 sicut
660 1573 852 1616 accepimus,
873 1573 960 1611 alias,

223 1630 255 1658 et
278 1630 449 1669 postquam
476 1625 576 1658 felicis
602 1626 836 1659 recordationis
862 1626 959 1659 Inno-

223 1678 349 1711 centius
366 1677 414 1718 lv,
435 1679 615 1711 Alexander
635 1678 679 1717 IV,
699 1678 815 1712 Paulus
834 1679 867 1719 Y,
891 1678 964 1712 Gre-

223 1732 334 1775 gorius
359 1731 420 1770 XV,
438 1731 583 1764 Urbanus
601 1732 674 1770 VIII,
693 1732 812 1775 aliique
828 1732 961 1766 Romani

223 1783 394 1818 Pontifices
429 1785 704 1828 praedecessores
730 1787 855 1825 nostri,
886 1785 963 1817 insi-

222 1846 337 1879 gnem,
363 1842 394 1870 et
418 1847 476 1880 per
501 1837 536 1869 B.
556 1837 685 1870 Petrum
711 1837 859 1877 Nolaseo,
883 1837 963 1880 Ray-

222 1890 378 1923 mundum
397 1890 436 1923 de
454 1890 642 1929 pennafort,
662 1894 693 1923 et
711 1891 815 1923 clarae
842 1901 963 1924 memo-

222 1942 289 1976 riae
305 1942 455 1977 Iacobum
475 1944 502 1983 I,
526 1943 600 1976 dum
623 1944 762 1984 viveret,
781 1944 962 1987 Aragoniae

226 2005 334 2039 regem
353 1996 490 2041 (quibus
517 2002 548 2030 et
574 2007 688 2030 eorum
715 1997 851 2030 cuilibet
876 1997 963 2040 ipsa-

224 2055 290 2082 met
313 2050 499 2083 beatissima
524 2050 620 2092 Virgo
651 2052 766 2083 serena
799 2051 902 2083 fronte
929 2060 962 2083 se

225 2102 490 2146 conspiciendam
515 2103 620 2142 dedit,
647 2109 677 2136 et
701 2103 960 2146 acceptissimum

224 2155 284 2188 sibi
311 2161 342 2189 et
365 2156 534 2199 unigenito
563 2156 629 2189 tilio
654 2167 712 2189 suo
739 2157 806 2189 fore
832 2156 911 2189 dixit
936 2156 961 2188 si

225 2218 316 2241 suum
338 2209 370 2241 in
388 2209 547 2242 honorem
570 2210 796 2243 institueretur
812 2209 897 2242 Ordo
916 2220 963 2242 re-

193 2296 199 2299 ,
224 2261 425 2304 ligiosorum‚
445 2263 562 2306 quibus
587 2273 662 2296 cura
686 2263 891 2296 incumberet
911 2273 962 2295 ca-

222 2315 329 2358 ptivos
354 2325 370 2348 a
387 2315 560 2349 'furcarum
587 2316 757 2360 tyrannide
784 2315 960 2357 liberandi)

223 2367 414 2407 fundatum,
440 2374 472 2401 et
497 2369 672 2412 apostolica
697 2368 885 2401 auctoritate
911 2378 962 2411 ap-

224 2421 404 2464 probatum,
417 2421 569 2455 Ordinem
586 2423 716 2456 fratrum
736 2422 770 2454 B.
790 2421 904 2454 Mariae
922 2421 961 2453 de

224 2473 369 2507 Mercede
394 2475 627 2518 redemptionis
653 2474 850 2517 captivorum
872 2484 957 2506 nun-

225 2532 376 2570 cupatum
402 2528 505 2570 (cuius
531 2527 662 2571 quidem
687 2526 816 2560 Ordinis
846 2527 960 2560 fratres

263 2600 273 2624 l
297 2597 399 2625 Forsan
419 2598 605 2626 liberalitatis
626 2598 662 2632 (a.
678 2597 727 2632 T.).

261 2641 278 2669 2
297 2641 377 2670 Deest
396 2641 505 2670 verbum
524 2643 635 2677 fructus
653 2643 693 2677 (rt.
709 2641 759 2675 τ.].

1637 243 1700 277 ⁶219

1006 300 1206 341 huiusmodi,
1224 310 1259 334 ex
1287 301 1431 344 piissimo
1455 301 1601 335 eiusdem
1630 312 1745 335 eorum

1007 353 1134 386 Ordinis
1160 353 1319 395 instituto,
1337 365 1400 387 non
1420 356 1522 388 solum
1542 354 1653 387 mundi
1674 355 1743 387 ille-

1007 405 1120 438 cebras
1147 417 1325 449 eorumque
1357 408 1520 450 propriam
1547 408 1743 440 voluntatem

1007 457 1178 500 abnegare,
1200 470 1310 491 verum
1338 459 1431 491 etiam
1459 471 1516 503 pro
1542 460 1744 493 christifide-

1008 509 1090 543 libus
1116 511 1247 553 captivis
1288 513 1349 544 sul)
1389 512 1523 545 barbara
1564 513 1743 546 infidelium

1006 569 1167 606 potestate
1187 565 1391 606 gementibus
1417 565 1548 608 eisque⁴
1573 567 1611 598 ab
1634 566 1745 598 liuius-

1007 616 1094 648 modi
1122 617 1200 649 dura
1225 617 1376 650 servitute
1403 618 1598 651 redimendis
1617 620 1743 651 assidue

1007 668 1038 700 in
1057 668 1192 702 Domino
1214 670 1395 710 elaborare,
1412 681 1448 702 ac
1462 670 1556 703 etiam
1576 682 1633 714 pro
1649 672 1744 704 unius

1007 722 1231 765 redemptione
1255 723 1370 765 captivi
1396 734 1593 766 paganorum
1613 724 1744 767 captivi-

1008 774 1060 807 tati
1087 785 1119 806 se
1147 775 1287 814 tradere,
1305 785 1351 813 ac,
1373 775 1396 807 si
1420 786 1502 818 opus
1530 776 1636 816 fuerit,
1662 786 1744 808 mor-

1007 831 1069 860 tem
1095 832 1127 859 et
1152 832 1311 860 tormenta
1336 829 1500 871 quaelibet
1526 838 1687 871 generoso
1714 834 1745 861 et

1005 880 1165 913 constanti
1192 880 1299 913 animo
1321 880 1442 920 subire,
1462 881 1623 914 altissimo
1649 882 1744 914 devo-

1006 939 1082 967 vent
1097 939 1127 967 et
1142 933 1366 977 profitentur),
1382 935 1420 967 ad
1436 934 1663 967 enutriendum
1681 939 1743 967 tam

1005 986 1169 1019 laudabile
1195 987 1350 1029 praedicti
1376 987 1504 1020 Ordinis
1530 988 1743 1031 propositum,

1005 1050 1040 1072 ac
1065 1040 1287 1074 exhibendum
1318 1041 1462 1074 debitum
1490 1051 1566 1083 erga
1590 1041 1745 1074 Ordinem

1005 1094 1109 1137 ipsum
1138 1104 1250 1127 eorum
1276 1094 1403 1138 paterni
1436 1094 1556 1127 amoris
1582 1094 1742 1132 affectum,

1005 1147 1155 1180 eumdem
1181 1147 1334 1180 Ordinem
1368 1147 1616 1190 quampluribus
1642 1146 1745 1180 laudi-

1003 1201 1076 1239 bus,
1101 1200 1292 1243 privilegiis,
1320 1201 1431 1243 gratiis
1464 1206 1496 1233 et
1521 1200 1653 1233 indultis
1679 1210 1745 1232 me-

1005 1253 1067 1287 rito
1082 1254 1316 1287 decoraverunt
1334 1264 1369 1286 ac
1387 1254 1633 1296 insigniverunt,
1647 1258 1745 1296 prout

1005 1307 1036 1340 in
1062 1307 1254 1347 lnnocentii,
1288 1306 1473 1347 Alexandri,
1504 1307 1605 1347 Pauli,
1626 1306 1745 1349 Grego-

1005 1361 1054 1401 rii,
1077 1361 1208 1400 Urbani,
1231 1361 1434 1404 aliorumque
1451 1361 1744 1403 praedecessorum

1005 1414 1244 1458 praedictorum
1271 1414 1447 1457 respective
1469 1414 1582 1446 litteris
1604 1414 1745 1457 desuper

1005 1469 1164 1512 expeditis
1189 1468 1317 1511 plenius
1344 1468 1544 1507 continetur,

1048 1523 1062 1564 ξ
1088 1521 1118 1554 ⁶2.
1139 1521 1291 1554 Eiusdem
1310 1521 1543 1554 recordationis
1563 1520 1745 1553 Alexander
1762 1561 1766 1564 ι
1783 1527 1832 1566 regn
1852 1530 1877 1565 2¹¹¹
1894 1530 1940 1561 Atq-

1756 1556 1833 1612 iata
1845 1556 1940 1604 ”aaz

1756 1609 1844 1630 almi-um
1856 1611 1937 1635 regula-

1756 1641 1816 1656 rium.

1005 1574 1090 1618 Papa
1101 1574 1172 1614 VIII,
1185 1574 1279 1607 ctiam
1296 1575 1528 1618 praedecessor
1538 1574 1667 1613 nostet··²,
1679 1574 1743 1616 qui,

1006 1629 1079 1660 dum
1102 1627 1319 1660 cardinalatus
1348 1628 1473 1660 bonore
1501 1627 1648 1669 fulgeret,
1668 1626 1742 1659 dicti

1005 1680 1133 1713 OrdInis
1157 1685 1323 1723 protector
1357 1680 1546 1712 auctoritate
1572 1680 1744 1722 deputatus

1006 1733 1121 1769 extitit,
1150 1738 1272 1765 mature
1301 1743 1359 1775 per
1384 1743 1454 1765 eum
1481 1733 1651 1775 perpensis
1673 1742 1745 1774 gra-

1006 1785 1144 1819 vissimis
1169 1785 1410 1818 discriminibus
1428 1790 1459 1816 et
1481 1784 1633 1827 periculis
1661 1795 1743 1826 quae

1006 1839 1153 1872 eiusdem
1185 1839 1314 1871 Ordinis
1353 1840 1464 1871 fratres
1501 1848 1556 1870 seu
1595 1838 1742 1880 religiosi

1005 1892 1037 1924 in
1063 1892 1265 1935 procuranda
1295 1891 1493 1933 captivorum
1516 1890 1743 1933 redemptione

1005 1944 1112 1977 subire
1138 1949 1308 1986 coguntur,
1328 1944 1365 1976 ad
1387 1950 1448 1975 tam
1468 1943 1554 1985 pium
1580 1954 1661 1986 opus
1686 1953 1745 1986 per

1005 2009 1061 2031 eos
1080 2008 1117 2030 eo
1137 1998 1273 2030 alacrius
1300 1996 1555 2030 continuandum
1581 2001 1609 2028 et
1633 1996 1743 2028 utilius

1006 2051 1240 2094 exequendum,
1264 2050 1430 2093 praedicto
1456 2048 1566 2081 Ordiui
1593 2048 1744 2091 illiusque

1006 2104 1154 2137 domibus
1193 2108 1224 2136 et
1256 2103 1457 2146 regularibus
1491 2103 1568 2135 locis
1602 2101 1660 2134 sub
1686 2102 1743 2134 illo

1005 2156 1267 2200 comprehensis,
1285 2165 1410 2189 necnon
1429 2154 1584 2197 magistro
1599 2154 1743 2197 generali

1004 2220 1064 2253 pro
1092 2215 1235 2252 tempore
1262 2208 1428 2247 existenti,
1457 2207 1682 2240 definitoribus
1713 2212 1743 2238 ct

1005 2261 1268 2306 procuratoribus
1306 2260 1534 2303 generalibus,
1562 2259 1742 2298 visitatori,

1004 2315 1268 2353 consultoribus,
1296 2313 1472 2352 assessori,
1498 2313 1739 2356 superioribus,

1004 2367 1257 2411 provincialibus
1268 2371 1298 2398 et
1312 2366 1588 2405 conventualibus,
1604 2365 1741 2408 aliisque

1004 2420 1234 2462 cuiuscumque
1260 2418 1400 2451 nominis
1425 2418 1622 2457 officialibus,
1648 2428 1742 2460 supe-

1004 2472 1146 2505 rioribus
1168 2478 1200 2505 et
1224 2472 1387 2515 religiosis
1414 2471 1564 2504 omnibus
1585 2477 1616 2504 et
1633 2470 1742 2513 singu„

1038 2554 1049 2578 1
1073 2552 1142 2578 Edit.
1163 2551 1243 2578 Main.
1265 2552 1328 2587 legit
1347 2560 1448 2587 eosque
1468 2552 1505 2586 (u.
1524 2553 1574 2585 T.).

1037 2596 1052 2622 2
1073 2596 1226 2622 Alexander
1241 2595 1301 2623 VIII
1318 2600 1403 2624 const.
1422 2596 1472 2631 leg.
1495 2595 1521 2622 in
1538 2599 1602 2623 tom.
1625 2604 1671 2627 xx,
1693 2603 1739 2630 pan⁴

1001 2640 1064 2676 gina
1082 2640 1114 2669 (5⁹2
1133 2641 1171 2676 (n.
1192 2641 1240 2676 r).

1750 252 1799 278 An.
1818 252 1846 280 C.
1873 252 1938 282 1725
