2170 3147
225 187 275 213 An.
294 187 322 214 C.
348 188 415 214 1722'2

275 1267 301 1286 Et
316 1267 335 1286 in
354 1273 411 1292 ipsos

226 1299 327 1313 fflssflt'bssl

225 1320 344 1340 iuris-lutto
370 1326 410 1339 nia-

300 1347 411 1372 poiniten-

225 1376 296 1394 ilatio.

464 180 505 212 74

419 238 574 277 primimus
607 243 634 268 et
667 239 893 277 extinguimus,
928 248 1089 277 eorumque
1123 238 1164 267 sic

419 295 642 325 suppresserunt
661 287 771 316 fructus
790 291 816 316 et
834 291 1003 326 proventus,
1021 297 1050 315 ac
1076 287 1163 316 etiam

419 334 644 364 distributiones
662 335 859 374 quotidianas,
872 336 1068 365 emolumenta
1086 340 1163 365 certa

419 387 447 412 et
470 383 594 422 incerta,
629 384 777 414 ordinaria
808 389 836 414 et
868 384 1113 419 extraordinaria,
1138 388 1165 413 et,

419 433 506 471 quae*
525 433 725 462 anniversaria
750 438 945 469 mortuorum,
965 442 996 463 ac
1013 433 1080 462 anni
1099 442 1163 461 san-

420 482 469 517 cti,
489 491 539 511 seu
559 482 688 517 iubilaei,
714 492 746 512 ac
774 482 878 521 quovis
905 483 989 512 modo
1016 482 1164 521 appellan-

420 584 447 608 et
464 579 542 608 lioris
559 580 708 609 canonicis
721 580 834 609 diurnis
851 584 879 608 et
896 579 1047 608 nocturni<
1066 588 1164 618 perso-

419 628 525 657 naliter
549 628 790 658 interessentibus
819 628 882 657 dari
910 628 1004 664 solita,
1030 632 1100 664 eto,
1126 628 1167 657 ei-

420 676 484 705 dem
499 677 620 714 collegio
637 681 664 706 et
681 676 914 715 poenitentiariis
931 676 1098 705 huiusmodi
1115 685 1166 715 per

420 774 479 804 rios
509 774 645 804 basilicae
676 774 705 803 S.
730 774 835 804 Mariae
859 773 975 803 Maioris
999 774 1166 812 praedictas

420 824 533 862 integre
556 823 755 862 parisormiter
778 827 805 853 et
834 832 926 862 aeque
950 822 1164 861 principaliter,

421 880 453 900 ac
476 872 538 900 sine
557 871 617 901 nlla
633 871 828 901 diminutione
851 876 878 900 et
898 871 1078 908 ditl‘ercntia,
1093 880 1125 901 ac
1142 872 1166 901 si

420 920 580 950 canonicus
603 929 654 959 pro
672 924 803 959 tempore
820 919 949 949 existens
966 924 1031 949 actu
1048 928 1167 959 semper

420 969 586 1007 interesset,
611 973 637 998 et
661 969 755 1008 quoad
779 969 832 999 hoe
855 968 976 1008 perinde
995 978 1027 998 ac
1050 968 1073 998 si
1098 978 1166 1008 sup-

420 1019 533 1056 pressio
566 1018 627 1057 ipsa
662 1019 734 1047 facta
768 1028 825 1047 non
857 1018 975 1053 suisset,
1001 1018 1039 1047 ita
1068 1022 1166 1047 tamen

420 1068 496 1105 quod
530 1068 583 1106 ipsi
613 1067 830 1106 poenitentiarii
864 1067 981 1096 stallum
1017 1067 1045 1096 in
1076 1067 1166 1096 choro

420 1121 469 1145 aut
486 1125 585 1145 vocem
603 1116 736 1145 locumve
759 1116 788 1145 in
806 1116 934 1154 capitulo
951 1125 1008 1145 non
1027 1115 1164 1154 habeant,

421 1170 561 1204 perpetuo
574 1165 754 1204 applicamus
768 1169 795 1194 et
811 1165 996 1201 assignamus
1009 1189 1016 1200 ,
1028 1169 1101 1199 etc.;
1117 1165 1165 1195 ubi

421 1214 575 1250 collegium
600 1213 893 1252 poeniteutiaiioruni
917 1217 1145 1252 nuncupatur».

464 1262 520 1292 llac
544 1267 640 1292 tamen
663 1263 851 1292 innovatione
876 1262 1017 1292 intactum
1035 1261 1167 1301 patribus

422 1311 680 1341 Praedicatoribus
699 1311 744 1341 ius
767 1311 917 1340 electionis
935 1311 1083 1350 passivum
1101 1320 1167 1349 pro·

422 1361 468 1391 cul
492 1360 581 1390 dubio
598 1360 760 1390 remansit:
780 1369 881 1389 verum
899 1360 1058 1390 cardinalis
1075 1360 1168 1390 maior

422 1410 678 1449 poenitentiarius,
704 1414 734 1440 ut
768 1410 945 1449 praetendit,
970 1419 1165 1449 reassumere,

422 1470 455 1489 ac
479 1468 571 1498 usque
595 1459 689 1489 adltuc
713 1459 885 1488 continuare
908 1459 1003 1498 coepit
1027 1458 1071 1488 ius
1094 1460 1166 1489 acti-

422 1518 489 1537 rum
514 1508 639 1546 eligendi
656 1518 688 1537 ex
709 1510 766 1538 tota
784 1508 860 1537 dicta
879 1508 1021 1546 religione
1039 1508 1167 1538 minores

424 1556 676 1597 poenitentiarios,
696 1561 755 1586 tum
779 1556 879 1594 rigore
902 1557 1018 1586 nativae
1042 1556 1104 1585 eius
1128 1557 1168 1585 sa-
1188 1566 1190 1575 ¹

423 1606 552 1642 ‹·iittnti:‚
572 1615 636 1635 cum
655 1605 819 1635 evidentius
835 1615 869 1634 ex
887 1605 1005 1644 speciali
1026 1605 1089 1635 iure
1111 1606 1166 1644 ipsi

424 1659 593 1693 nuncupato
617 1655 645 1684 in
669 1654 754 1684 Brevi
781 1654 856 1692 quod
885 1653 1052 1693 expeditum
1077 1655 1129 1684 fuit
1153 1664 1166 1683 a

424 1709 541 1734 sanctae
565 1704 724 1733 memoriae
750 1703 866 1733 trbnno
889 1703 949 1733 xlll
983 1705 1079 1733 favore
1106 1714 1169 1733 car-

1002 191 1180 214 nttLAnimt
1206 189 1361 213 ROMANUM

1185 238 1187 277 ξ
1208 241 1252 266 tae
1276 238 1403 267 fuerunt.
1424 237 1530 267 Verum
1554 238 1632 267 enim
1656 247 1723 267 vero
1747 242 1843 277 patres
1866 237 1950 267 Prae-

1208 285 1370 323 dicatores,
1400 285 1454 316 sibi
1478 286 1548 325 ipsis
1573 286 1779 325 persuadentes
1806 287 1950 325 integram

1210 334 1407 374 intactamque
1430 335 1606 365 remansisse
1627 336 1747 365 sormam
1764 335 1864 365 Brevis
1886 345 1951 365 san-

1208 383 1246 412 cti
1271 383 1313 412 rii
1336 383 1369 420 V,
1395 383 1460 413 inde
1485 392 1498 412 a
1524 388 1651 423 tempore
1674 394 1732 423 quo
1759 384 1950 423 apostolicum

1186 464 1188 477 Δ
1209 433 1322 462 clavum
1346 432 1465 471 gerebat
1488 436 1605 462 sanctae
1629 432 1787 462 memoriae
1811 432 1952 463 lnnocen-

1186 512 1188 515 ,
1210 481 1268 510 tius
1289 480 1311 510 X
1336 480 1514 511 contendere
1537 487 1708 520 coeperunt,
1732 481 1765 510 ad
1788 482 1953 520 provincia-

421 535 488 567 tur‚
513 535 540 560 et
562 531 631 560 solis
655 531 859 570 praesentibus
882 535 907 560 et
932 531 1040 560 divinis
1062 530 1165 560 officiis
1187 564 1188 572 ἵ

1210 530 1265 559 lem
1290 530 1436 559 Romanae
1457 530 1624 568 provinciae
1651 530 1710 559 sive
1735 530 1861 568 priorem
1884 539 1952 560 con-

1186 575 1188 604 i
1210 583 1313 608 ventus
1326 578 1355 607 S.
1369 579 1474 608 Mariae
1490 588 1578 618 super
1590 579 1748 608 Minervam
1766 579 1810 608 ius
1826 579 1951 617 eligendi

1186 627 1338 668 tminores
1367 627 1605 666 poenitentiarios
1635 627 1793 666 pertinere.
1817 628 1854 657 At
1883 637 1952 658 vero

1187 672 1337 714 *plurium
1374 676 1492 705 testium
1526 685 1617 714 usque
1651 675 1686 705 ab
1718 685 1794 706 anno
1825 685 1952 706 iincxtvi

421 735 469 754 eos
495 735 528 754 ac
555 735 606 764 pro
630 730 761 764 tempore
784 725 944 755 existentes
974 725 1167 764 poenitentia·
1187 715 1188 740 Ῐ

1209 724 1446 764 depositionibus
1466 725 1597 754 formiter
1620 725 1747 763 receptis
1769 725 1845 754 circa
1868 726 1951 764 quasi

1210 773 1423 812 possessionem
1447 773 1605 803 cardinalis
1627 774 1745 803 maioris
1762 774 1954 813 poenitentia-

1187 823 1256 878 ,rii,
1281 822 1472 861 discusszique
1499 822 1699 852 controversia
1727 823 1756 852 in
1787 824 1954 862 Congrega-

1210 871 1289 901 tione
1305 870 1476 910 particulari
1501 871 1588 900 trium
1608 870 1637 900 S.
1656 872 1689 901 R.
1708 871 1740 901 E.
1759 872 1952 902 cardinalium

1210 920 1243 950 ad
1269 920 1370 950 enixas
1394 929 1493 959 preces
1516 920 1572 950 iam
1597 920 1742 950 dictorum
1767 925 1880 960 patrum
1904 921 1954 952 de-

1210 971 1322 1008 putata,
1340 969 1413 998 nihil
1431 978 1552 1008 prorsus
1571 969 1772 1004 obtinuerunt,
1786 979 1839 999 nec
1856 970 1953 1000 minus

1211 1017 1267 1046 voti
1291 1021 1441 1056 compotes
1468 1017 1542 1046 effici
1578 1021 1736 1056 potuerunt
1771 1017 1952 1057 temporibus

1209 1069 1325 1094 sanetae
1350 1065 1507 1094 memoriae
1526 1065 1683 1095 Alexandri
1699 1065 1758 1095 vti.
1783 1065 1834 1095 His
1857 1069 1952 1096 tamen

1210 1123 1266 1144 non
1290 1113 1487 1151 obstantibus,
1511 1114 1598 1144 iidem
1624 1119 1719 1153 patres
1742 1115 1848 1144 iterum
1871 1119 1953 1145 autu-

1211 1167 1323 1192 mantes
1346 1162 1392 1192 ius
1410 1162 1538 1200 eligendi
1560 1162 1690 1193 minores
1712 1163 1954 1202 poenitentiarios

1210 1212 1244 1241 ad
1268 1212 1418 1249 regulares
1441 1212 1606 1251 superiores
1622 1217 1868 1250 praememoratos
1890 1222 1955 1252 spe-

1211 1264 1301 1297 ctare,
1325 1261 1459 1300 quodque
1483 1261 1599 1300 plures¹
1622 1261 1678 1300 ipsi
1701 1262 1888 1292 exercuerint
1909 1262 1954 1293 iu·

1212 1310 1393 1340 risdictionis
1426 1315 1508 1340 actus
1542 1311 1570 1340 in
1606 1311 1762 1349 collegium
1786 1310 1953 1342 huiusmodi

1213 1359 1515 1398 poenitentiariorum,
1535 1368 1687 1389 recursum
1707 1359 1879 1399 suppliciter
1902 1360 1952 1390 lia-

1211 1406 1338 1436 buerunt
1354 1407 1387 1436 ad
1405 1407 1625 1437 sanctissimum
1643 1407 1795 1437 domiuum
1811 1411 1953 1438 nostrum.

1211 1456 1274 1494 Qui,
1289 1456 1422 1496 partibus
1439 1456 1559 1486 minime.
1578 1456 1804 1495 refragantibus,
1819 1456 1953 1495 benigni-

1212 1510 1254 1535 ter
1284 1515 1400 1535 causam
1436 1506 1549 1535 remisit
1582 1505 1616 1534 ad
1650 1505 1952 1535 eminentissimorum

1211 1559 1327 1593 patrum
1352 1563 1531 1592 consessum,
1552 1563 1565 1583 a
1585 1562 1710 1593 querum
1727 1554 1809 1584 iussu
1825 1553 1954 1584 subscri-

1212 1604 1267 1643 ptis
1297 1603 1370 1633 infra
1401 1603 1581 1642 exponendis
1613 1602 1727 1639 dubiis,
1758 1607 1891 1642 superest
1923 1603 1953 1633 in

1213 1653 1358 1691 praesenti
1381 1653 1456 1691 quod
1482 1652 1564 1682 solita
1589 1652 1730 1691 sapientia
1748 1657 1774 1682 et
1797 1652 1955 1692 prudentia

1211 1701 1371 1731 decernere
1394 1701 1450 1740 ipsi
1472 1701 1652 1738 dignentur:

1959 188 2008 215 An.
2026 188 2054 216 C.
2076 189 2144 217 1724

1253 1759 1270 1778 1.
1297 1751 1339 1778 An
1357 1749 1576 1787 poenitentiarii
1594 1748 1851 1778 minorestlrdinis
1869 1748 1955 1779 Prae·
1981 1755 2048 1777 nubta
2068 1756 2089 1777 n·
2098 1761 2145 1783 pno-

1212 1799 1375 1828 tlicatorum
1401 1799 1429 1827 in
1448 1798 1573 1828 basilica
1587 1799 1615 1828 S.
1633 1798 1740 1827 Mariae
1756 1798 1874 1828 Maioris
1890 1806 1958 1828 con·
1968 1786 2144 1835 dl'J.²}.¹il¹tiE'1i⁰÷f,“¹5.

1213 1848 1295 1877 stitui
1328 1847 1452 1877 debeant
1478 1857 1528 1886 per
1551 1847 1759 1886 provincialem
1790 1837 2145 1890 provinciaeffi},¹,⁴}{'ss³„ssf'⁰⁰'

423 1754 529 1783 dinalis
557 1753 586 1784 S.
612 1753 777 1792 Honuplirii
806 1753 925 1782 maioris
949 1754 1167 1792 poenitentiarii
1189 1767 1191 1786 ς

424 1803 477 1833 suli
495 1803 548 1832 bac
564 1801 721 1832 verborum
739 1802 876 1841 periodo:
898 1812 910 1828 «
926 1801 1052 1831 Minores
1070 1802 1169 1840 poeni-

425 1851 578 1882 tentiarios
616 1856 645 1880 et
681 1851 754 1880 alios
791 1860 993 1889 quoscumque
1030 1851 1169 1880 officiales

424 1901 555 1930 eiusdem
589 1900 678 1929 officii
708 1900 952 1939 poenitentiariae
976 1899 1097 1929 arbitrio
1121 1904 1169 1929 tuo

424 1950 565 1988 deputare
589 1949 632 1978 rel
656 1948 843 1984 confirmare,
874 1958 924 1978 seu
948 1958 963 1978 a
986 1948 1062 1978 dicto
1085 1958 1171 1987 supe-

425 1998 502 2028 riore
525 1997 662 2037 episcopo
685 2001 713 2027 et
736 1997 879 2027 cardinali
897 1997 999 2026 maiori
1020 1996 1171 2035 poeniten-

427 2047 523 2083 tiario,
548 2047 616 2076 dum
642 2046 725 2084 vixit,
744 2046 787 2075 vel
811 2046 897 2075 etiam
921 2055 935 2075 a
959 2045 1052 2075 felicis
1074 2055 1171 2075 recor·
1191 2080 1193 2087 λ

425 2095 550 2124 dationis
573 2095 724 2125 Clemente
755 2094 831 2132 l'lll,
856 2094 945 2124 l’aulo
968 2094 988 2123 Y
1012 2098 1037 2123 et
1063 2094 1193 2132 Grego-¹

426 2145 468 2173 rio
491 2143 536 2173 XV
561 2143 594 2173 ad
619 2152 718 2173 eorum
736 2142 953 2182 beneplacitum
978 2147 1003 2172 et
1022 2142 1077 2171 alio
1101 2152 1171 2182 quo·
1192 2164 1193 2174 ,

426 2193 469 2222 vis
494 2192 578 2221 modo
601 2193 755 2231 deputatos
778 2200 940 2227 removere,
965 2194 992 2220 et
1016 2191 1087 2220 alios
1115 2190 1170 2220 sibi
1192 2215 1193 2220 ,

427 2240 582 2269 benevisos
606 2241 633 2268 in
660 2241 776 2269 illorum
801 2240 895 2269 locum
920 2239 1109 2277 substituere,
1144 2244 1169 2269 et
1192 2252 1193 2278 ᾗ

426 2290 481 2318 alia
516 2298 718 2327 quaecumipie
751 2289 915 2318 necessaria
948 2293 975 2318 et
1006 2282 1193 2327 opportuna'f

426 2340 522 2367 tacere
541 2338 618 2366 licite
635 2337 727 2376 possis
741 2342 769 2366 et
784 2337 879 2366 valeas
891 2361 898 2374 ,
914 2337 1170 2367 nonobstantibus

426 2385 579 2425 quibus-ris
603 2385 863 2414 constitutionibus
886 2391 914 2415 et
936 2386 1170 2416 ordinationibus

426 2435 593 2474 apostolicis
615 2449 624 2461 ,ι
642 2444 647 2462 :
666 2444 739 2472 quae
760 2435 911 2464 lariiltates
928 2435 1088 2464 maioribus
1106 2445 1172 2474 poe-

427 2481 606 2510 nitentiariis
630 2480 849 2509 successoribus
866 2490 931 2510 cunt
950 2484 1087 2519 expressa
1103 2481 1171 2510 sub-

426 2527 575 2565 rogatione
607 2526 640 2555 :ul
666 2527 735 2555 llaec
767 2536 858 2565 usque
890 2531 1017 2566 tempora
1049 2536 1170 2556 renova-

464 2588 472 2613 1
492 2585 593 2613 Forsan
608 2587 692 2620 atque
709 2592 757 2620 pro
773 2586 799 2612 el
816 2592 889 2620 quae
905 2584 1049 2620 legendum
1070 2584 1168 2620 (ier).

1215 1897 1362 1926 llomanae
1386 1896 1502 1925 Ordinis
1527 1895 1668 1934 praedicti
1701 1896 1955 1933 Praedicatorum,

1215 1955 1266 1975 seu
1292 1946 1419 1984 priorem
1443 1947 1472 1974 S.
1498 1944 1604 1973 Mariae
1628 1954 1717 1983 super
1740 1944 1897 1974 Minervam
1921 1944 1956 1974 de

1216 1994 1312 2032 trbe,
1338 1994 1370 2023 :nl
1403 1994 1525 2023 sormam
1557 1993 1766 2033 motusproprii
1793 1994 1822 2024 S.
1847 1993 1890 2023 Pii
1915 1993 1954 2032 V,

1215 2043 1275 2072 sii-e
1296 2043 1392 2082 potius
1411 2042 1580 2071 constitutio
1598 2045 1708 2081 spectet
1725 2041 1758 2071 ad
1777 2042 1956 2072 cardinalem

1215 2092 1353 2121 maiorem
1379 2091 1659 2130 poenitentiarium,
1683 2091 1712 2120 in
1736 2100 1817 2128 casu,
1838 2094 1907 2120 etc.:

1256 2150 1284 2170 u.
1324 2141 1365 2170 :tn
1404 2141 1619 2179 praedictorum
1662 2140 1955 2179 poenitentiariorum

1216 2190 1359 2219 minorum
1395 2190 1516 2219 remotio
1550 2193 1658 2228 spectet
1688 2189 1721 2218 ad
1755 2193 1866 2228 patrem
1891 2198 1957 2228 pro·

1216 2238 1370 2267 vincialem
1394 2248 1444 2266 seu
1470 2238 1596 2276 priorem
1620 2239 1649 2266 S.
1669 2237 1774 2267 Mariae
1796 2247 1885 2276 super
1907 2238 1958 2267 Mi-

1215 2296 1334 2316 nervam
1352 2287 1469 2316 Ordinis
1487 2286 1626 2325 praedicti
1650 2286 1683 2315 ad
1707 2287 1829 2315 sormam
1847 2291 1957 2317 motus-

1216 2336 1327 2375 proprii
1360 2335 1502 2374 praedicti
1533 2336 1562 2364 S.
1587 2335 1630 2364 Pii
1654 2335 1686 2372 V,
1719 2335 1763 2364 vel
1793 2335 1889 2374 potius
1921 2336 1957 2365 ad

1214 2385 1392 2414 cardinalem
1434 2384 1573 2413 maiorem
1613 2383 1889 2422 poenitentiarium,
1924 2384 1955 2414 in

1213 2442 1294 2467 casu,
1314 2437 1369 2461 etc.
1386 2442 1390 2460 :

1254 2487 1294 2507 nt.
1326 2479 1367 2507 An
1403 2478 1540 2517 praedicti
1575 2477 1792 2516 poenitentiarii
1829 2478 1956 2508 minores

1212 2525 1383 2554 subiaceant
1419 2534 1517 2560 curae,
1552 2524 1766 2562 iurisdictioni,
1806 2524 1955 2564 potestati,

1248 2584 1257 2610 1
1279 2582 1379 2610 Forsan
1394 2583 1507 2618 pluries
1524 2590 1573 2618 pro
1586 2582 1689 2618 plures
1705 2581 1801 2618 legend
1830 2584 1864 2618 (n.
1881 2583 1929 2617 τ.).
