2170 3147
195 168 244 193 Αη.
261 166 288 192 c.
314 164 382 192 1798
430 155 493 188 760

216 231 299 250 tracti„
314 235 378 255 prae—

195 259 244 278 suta.

231 2339 353 2359 maniculae.

974 160 1155 184 numanum

433 214 490 256 §3
507 213 568 246 Nos
586 213 693 254 igitur,
712 210 777 254 pio¹
797 210 898 253 ipsius
916 208 1069 242 Ludovici
1086 218 1135 241 re-

389 267 436 308 gis
455 266 620 299 desiderio
637 265 743 297 bacin
759 274 793 296 re
812 268 966 305 quantum
984 272 1056 295 eum
1075 262 1137 294 Do-

388 320 476 352 mino
495 328 670 362 possumus
688 316 912 349 favorabiliter
928 325 1083 354 animere,
1100 325 1136 347 ae

388 371 522 403 tirmiori
542 369 758 412 solidiorique
777 373 1035 401 memoratorum
1059 377 1136 400 con-

388 429 542 456 ventuum
564 423 593 454 in
612 422 729 455 Alsatia
744 421 901 465 praedicti
920 420 1072 453 Ludovici
1088 430 1136 452 re-

389 476 437 518 gis
455 475 601 508 dominio
621 475 779 512 subiecta,
800 479 834 506 ut
852 473 1046 516 praefertur,
1062 483 1137 506 con-

389 529 588 567 sistentium,
616 528 713 560 statui
732 533 764 560 et
780 527 882 570 quieti
910 537 1136 569 prosperoque

389 582 538 624 regimini
555 581 731 613 salubriter
745 580 936 623 prospicere
951 580 1136 622 cupientes,

390 635 581 667 lininsmodi
630 633 927 676 supplicationibus
968 627 1161 678 inelinati‚=

390 689 567 732 praefatam
601 687 780 719 custodiam
808 686 838 718 in
866 696 982 718 novam
1008 685 1138 717 Ordinis

390 742 524 773 l‘ratrum
559 740 720 773 Minorum
754 739 855 772 sancti
889 738 1051 771 Francisci
1088 738 1140 771 Ca-

391 794 604 837 }uiccinorum
631 792 832 836 provinciam
859 792 1033 825 Alsaticam
1056 802 1139 824 nun-

391 848 582 890 cupandam,
604 857 686 889 quae
704 858 720 878 a
735 845 879 889 propriis
901 845 1048 878 ministro
1065 855 1140 888 pro-

391 900 520 933 vinciali
555 910 590 932 ae
623 898 851 932 definitoribus
876 897 1063 940 ceterisque
1094 908 1141 930 su-

391 954 589 997 perioribus,
603 953 691 985 iuxta
709 951 854 985 eiusdem
873 950 1002 983 Ordinis
1020 955 1139 982 statuta

392 1006 564 1049 eligendis,
582 1005 787 1038 nominandis
802 1010 832 1037 et
850 1003 1055 1047 deputandis,
1072 1004 1139 1045 regi

393 1066 425 1092 et
451 1059 623 1102 gubernari
643 1059 772 1098 debeat,
791 1058 987 1090 auctoritate
1008 1062 1139 1100 aposto-

392 1113 468 1152 lica,
490 1117 600 1144 tenore
620 1111 850 1154 praesentium,
868 1110 1023 1152 erigimus
1045 1114 1076 1142 et
1096 1109 1140 1141 in-

393 1166 575 1204 stituimus;
602 1175 638 1197 ac
663 1164 724 1206 ipsi
751 1174 854 1196 norae
880 1162 1065 1206 provinciae
1094 1162 1140 1194 sic

394 1223 522 1250 erectae
549 1222 581 1250 et
606 1216 792 1255 institutae,
820 1215 974 1258 illiusque
1001 1225 1140 1247 conven-

394 1270 502 1309 tibus,
529 1268 703 1312 hospitiis,
731 1268 903 1309 domibus,
929 1279 964 1300 ac
990 1267 1139 1299 ministro
1161 1263 1162 1291 l

393 1323 583 1367 provinciali
615 1328 647 1356 et
675 1322 903 1355 definitoribus
920 1348 927 1361 ,
954 1321 1139 1364 ceterisque

394 1376 622 1420 superioribus
648 1386 706 1418 pro
735 1381 882 1417 ternpore
909 1373 1136 1411 existentibus,

395 1429 615 1471 fratribusque
643 1434 674 1461 et
699 1428 847 1470 personis
873 1426 1084 1470 quibuslibet,
1105 1432 1139 1458 ut

396 1482 548 1515 omnibus
574 1488 604 1514 et
630 1481 765 1524 singulis
792 1480 983 1524 privilegiis,
1012 1480 1137 1522 gratiis,

397 1535 670 1578 exemptionibus,
697 1534 913 1573 libertatibus,
933 1532 1140 1565 immunitati-

396 1589 466 1629 bus,
493 1588 748 1631 praerogativis,
775 1587 1061 1630 praeeminentiis,
1086 1586 1137 1619 in-

398 1641 574 1684 dulgentiis
595 1646 627 1674 et
650 1641 796 1680 indultis,
815 1640 934 1684 quibus
958 1640 1040 1673 aliae
1062 1640 1141 1672 eius·

399 1695 471 1727 dem
490 1694 620 1727 Ordinis
639 1693 837 1737 provinciae,
856 1693 1051 1736 illarumque
1069 1703 1142 1726 con-

397 1752 510 1779 ventus
526 1774 533 1787 ,
554 1747 694 1789 hospitia
708 1773 715 1786 ,
739 1745 875 1785 domus&
897 1746 1084 1788 superiores
1111 1751 1142 1779 ct
1162 1764 1164 1771 ·

398 1801 515 1833 fratres
543 1800 692 1843 aliaeque
719 1810 881 1843 personae
908 1805 970 1832 tam
997 1800 1036 1833 de
1062 1800 1141 1839 iure,
1163 1820 1165 1840 1,

398 1864 457 1889 usu
477 1858 508 1886 et
527 1852 777 1892 consuetudine,
799 1863 895 1896 quam
913 1853 991 1885 alias
1008 1863 1143 1895 quomo-
1163 1843 1165 1866 ³

399 1907 523 1939 delibet
549 1911 706 1946 utuntur,
741 1906 894 1938 fruuntur
919 1911 951 1939 et
976 1906 1141 1948 gaudent,
1163 1926 1165 1942 ,-

399 1970 435 1991 ac
459 1958 514 1999 uti,
542 1958 602 1990 srui
629 1963 659 1990 et
684 1958 825 2000 gaudere
859 1964 998 2001 possunt
1030 1964 1061 1991 et
1088 1949 1165 2001 [ιο-ἶ

400 2017 510 2044 terunt
535 2011 565 2043 in
593 2012 760 2051 futurum,
792 2011 864 2054 pari
890 2011 988 2044 modo
1014 2016 1047 2044 et
1071 2013 1143 2044 abs-

400 2075 463 2107 que
489 2065 554 2097 nlla
579 2074 713 2107 prorsus
739 2064 921 2097 differentia
946 2064 1003 2104 uti,
1031 2064 1090 2097 srui
1113 2070 1165 2098 et=

400 2118 542 2160 gaudere
574 2118 677 2151 libere
710 2123 739 2151 et
764 2118 851 2151 licite
878 2118 1005 2161 possint
1030 2124 1062 2151 et
1093 2097 1165 2159 νὼς

399 2172 508 2211 leant,
535 2171 647 2204 eadem
681 2171 872 2203 auctoritate
908 2171 1026 2203 harum
1059 2171 1143 2203 serie

400 2223 548 2256 similiter
572 2229 732 2267 perpetuo
757 2223 965 2257 concedimus
987 2229 1018 2256 et
1043 2222 1144 2257 indul-

401 2287 526 2319 gemus.

444 2330 506 2373 gli.
527 2330 755 2371 Decerncntes,
778 2330 864 2374 ipsas
886 2335 1074 2373 praesentes
1094 2330 1144 2364 lit—

403 2389 485 2415 teras
511 2394 641 2427 semper
666 2384 785 2424 firmas,
814 2384 888 2417 etc.³

438 2464 448 2488 1
467 2461 534 2488 Male
551 2462 616 2489 edit.
633 2462 714 2489 Mam.
737 2463 801 2499 legit
814 2472 867 2498 pro
886 2466 926 2498 (n.
942 2464 992 2498 T.).

438 2506 454 2532 Ξ
471 2507 539 2533 Male
552 2506 594 2533 ed.
609 2507 873 2541 itain.1egitctomos
885 2516 933 2543 pro
945 2508 1043 2536 domus
1053 2508 1141 2544 (asu).

436 2551 452 2580 3
473 2550 503 2578 [ι
524 2559 606 2585 supra
628 2560 688 2586 pag.
711 2553 757 2579 471
781 2561 798 2579 a
819 2553 858 2587 (n.
879 2553 929 2587 Ἥ).

1180 160 1335 183 ROMANUM

1221 209 1235 251 ἓ
1260 208 1291 241 5.
1318 207 1388 241 Non
1414 208 1616 241 obstantibus
1642 207 1844 251 praemissis,
1863 217 1917 246 ac,

1177 266 1337 304 qnatenus
1356 271 1438 304 opus
1455 262 1505 300 sit,
1523 262 1633 293 nostra
1651 266 1682 293 et
1699 260 1919 293 Cancellariae

1179 314 1386 358 Apostolieae
1407 314 1520 355 regula
1546 314 1586 345 de
1611 323 1675 346 non
1701 313 1917 346 concedendis

1179 365 1390 409 indulgentiis
1416 366 1454 398 ad
1473 366 1590 402 instar,
1608 365 1745 408 aliisque
1766 365 1920 398 eonstitu-

1180 419 1323 452 tionibus
1357 423 1388 451 et
1414 417 1678 450 ordinationibus
1710 417 1918 460 apostolicis,

1179 483 1308 506 necnon
1334 471 1516 507 custodiae,
1542 477 1571 503 et
1597 470 1781 513 provinciae
1808 482 1844 502 ac
1869 470 1922 503 Or-

1180 526 1265 559 dinis
1298 525 1543 568 praesatorum,
1579 524 1689 556 aliisve
1726 523 1918 566 quibusvis.

1181 579 1278 612 etiam
1305 579 1506 617 iuramento,
1534 577 1607 610 εἰς]

1225 633 1337 665 Datum
1365 631 1498 670 Romae,
1525 630 1611 674 apud
1641 630 1673 662 S.
1697 630 1837 668 Petrum,
1863 629 1922 661 sub

1183 686 1303 718 annulo
1330 684 1528 724 piscatoris,
1562 682 1614 716 die
1646 693 1697 716 xiv
1741 682 1923 715 decembris

1183 747 1382 777 tinccxxwii,
1409 736 1618 780 pontificatus
1650 736 1751 768 nostri
1780 745 1867 767 anno
1891 745 1921 767 v.

1217 800 1279 826 Dat.
1302 799 1346 826 die
1366 799 1394 825 tt
1415 798 1570 825 decembris
1592 797 1670 831 1728,
1691 796 1789 832 pontif.
1811 804 1883 823 anno
1898 803 1924 823 v.

1499 940 1609 974 CCLll.

1183 1022 1395 1065 Praecipimr
1430 1025 1465 1053 ut
1494 1023 1659 1052 serventur
1688 1019 1928 1051 constitutiones

1228 1075 1394 1117 [seuerales
1416 1074 1551 1107 Ordinis
1576 1072 1741 1105 filimarum
1763 1071 1800 1104 de
1822 1070 1928 1104 Obser-

1229 1128 1340 1160 rcmtiri
1374 1128 1635 1169 Reformatorem
1653 1152 1661 1163 ,
1689 1129 1717 1157 et
1743 1124 1842 1156 Breve
1869 1123 1926 1156 Ur-

1229 1181 1306 1213 bani
1339 1180 1420 1213 VIII
1441 1189 1538 1222 super
1559 1177 1784 1221 praecedenti&
1803 1187 1928 1210 eorum.-

1227 1234 1297 1267 (Iem
1322 1234 1357 1265 in
1381 1232 1555 1276 provincie
1581 1231 1730 1264 Romand
1745 1230 1763 1263 ¹.

1362 1311 1547 1340 Benedictus
1569 1311 1648 1344 Papa
1668 1310 1754 1343 xm,

1325 1358 1362 1384 ad
1382 1357 1518 1384 futuram
1539 1355 1585 1382 rei
1604 1354 1791 1382 memoriam.

1227 1430 1242 1472 ἓ
1262 1428 1287 1460 l.
1305 1428 1395 1466 Cum,
1414 1427 1494 1459 sieut
1512 1425 1705 1468 accepimus,
1720 1422 1797 1458 aliiis
1818 1425 1924 1468 (post-

1184 1492 1280 1524 quam
1307 1481 1395 1512 iussu
1421 1479 1524 1512 felicis
1543 1478 1781 1511 recordationis
1804 1477 1923 1511 Urbani

1184 1536 1288 1578 l‘apae
1314 1534 1377 1566 Ylll
1404 1532 1667 1576 praedecessoris
1701 1531 1800 1565 nostri
1826 1542 1924 1574 quae-

1927 159 1976 186 An.
1994 159 2023 186 C.
2046 160 2111 187 ¹728

1957 219 2111 242 Contrariorum

1930 246 2049 271 derogatio.

1963 1437 2020 1457 Ordo
2032 1441 2117 1462 praeco·

1937 1464 2021 1483 diuitiae
2034 1469 2044 1483 a
2057 1469 2118 1488 aene-

1938 1490 2016 1510 raltbns
2035 1490 2117 1510 Ordtml

1936 1516 2118 1537 constitutit-niba·

1937 1545 2079 1569 mameranus
2097 1544 2117 1563 ⁴³2

1895 1583 1900 1589 .
1937 1569 1964 1590 ab
1976 1569 2061 1589 Urbano
2075 1568 2118 1590 VIII

1185 1588 1256 1621 darn
1282 1597 1341 1631 pro
1368 1585 1489 1618 salubri
1525 1585 1684 1626 regimine
1710 1589 1740 1617 et
1765 1584 1924 1626 gubernio

1185 1642 1378 1674 dilectorum
1405 1639 1544 1672 filiorum
1571 1639 1704 1671 l'ratrum
1729 1637 1858 1670 Ordinis
1877 1637 1927 1670 Mi-

1185 1704 1301 1726 norum
1328 1692 1428 1725 saneti
1454 1690 1615 1724 Francisci
1642 1691 1681 1723 de
1715 1690 1929 1723 Observantia

1185 1747 1447 1779 Itel'ormatorum
1486 1748 1747 1786 nuncupatorum
1788 1743 1927 1775 familiae

1187 1799 1406 1832 cismontanae
1429 1798 1601 1840 generales
1621 1795 1871 1829 constitutiones
1895 1795 1927 1827 in

1185 1853 1257 1895 ipso
1284 1850 1463 1894 primordio
1501 1849 1713 1882 institutionis
1747 1847 1927 1892 provincia-

1187 1916 1257 1938 rum
1276 1905 1309 1937 in
1329 1904 1444 1937 eodeni
1470 1903 1589 1936 Ordine
1609 1902 1714 1935 editae
1736 1907 1764 1934 et
1785 1902 1929 1945 promul-

1187 1964 1277 2001 gatae
1304 1958 1440 1996 fuerant,
1461 1966 1519 1999 per
1536 1966 1613 1998 quas
1631 1955 1714 1988 inter
1733 1955 1795 1988 alia
1812 1955 1927 1988 modus

1187 2022 1245 2044 seu
1264 2012 1344 2044 ordo
1363 2009 1582 2053 praecedendi
1605 2009 1688 2041 inter
1705 2008 1793 2051 ipsos
1815 2008 1928 2041 fratres

1186 2065 1246 2097 sub
1273 2064 1425 2107 gravibus
1452 2062 1566 2106 poenis
1587 2061 1818 2106 praescriptus,
1838 2067 1869 2094 et
1887 2062 1926 2094 ab

1186 2117 1255 2160 ipso
1282 2116 1410 2149 Urbano
1438 2115 1691 2159 praedecessore
1717 2124 1773 2157 per
1799 2124 1873 2147 suas
1895 2113 1926 2146 in

1187 2169 1284 2203 simili
1310 2170 1412 2202 forma
1442 2169 1551 2202 Brevis
1578 2168 1629 2201 die
1654 2177 1719 2201 xxii
1745 2167 1927 2200 decembris

1186 2232 1319 2256 unchn
1345 2221 1511 2265 expeditas
1537 2221 1681 2260 litteras,
1710 2229 1844 2263 quarum
1869 2218 1929 2251 ini-

1188 2277 1264 2310 tium
1290 2282 1339 2309 est
1364 2274 1480 2316 Atreis,
1509 2278 1564 2308 etc.
1582 2301 1591 2315 ,
1623 2273 1819 2318 approbatus
1843 2272 1902 2305 suit
1918 2299 1926 2313 ,

1222 2374 1231 2400 1
1257 2373 1289 2400 Ut.
1309 2380 1391 2409 supra
1411 2380 1472 2408 pag.
1495 2372 1541 2398 471
1567 2380 1584 2397 α
1605 2371 1643 2404 (a.
1659 2371 1708 2403 τ.).

1219 2418 1235 2444 2
1257 2417 1311 2444 Hac
1331 2417 1364 2444 de
1384 2425 1414 2443 re
1435 2415 1495 2443 vide
1526 2415 1627 2442 Urbani
1656 2414 1715 2441 VIII
1742 2417 1829 2441 const.
1860 2413 1924 2441 edit.

1186 2469 1305 2496 nocxmr,
1327 2462 1370 2488 die
1389 2461 1423 2488 22
1443 2460 1606 2493 decembris,
1627 2459 1722 2495 pontif.
1743 2467 1794 2493 xx,
1816 2462 1843 2486 et
1863 2459 1927 2485 Ale-

1184 2507 1278 2535 xandri
1301 2506 1359 2533 VIII
1381 2509 1466 2534 const.
1484 2505 1548 2533 edit.
1570 2511 1686 2538 MDCva‚
1703 2504 1746 2532 die
1766 2505 1800 2532 ⁹23
1819 2504 1926 2532 decem-

1184 2552 1241 2580 bris
1261 2551 1356 2587 pontit.
1378 2558 1420 2587 iu,
1441 2559 1511 2587 quae
1530 2550 1574 2578 iiic
1592 2549 1746 2578 laudantur.

1938 1595 2066 1622 approbatus
2073 1595 2116 1616 tun.
