2170 3147
2 209 51 238 An.
67 208 95 236 C.
117 208 185 236 ¹726

190 267 228 291 eo
253 256 389 300 amplius
415 257 505 290 mille
531 256 653 298 fideles,
678 258 810 290 salutari
835 258 921 290 fonte

188 315 330 350 renatos,
356 309 424 352 ipse
450 319 532 342 unus
566 319 625 352 per
656 320 769 342 manus
794 309 923 352 imposi-

190 362 309 396 tionem
325 362 508 395 ehrismatis
533 368 733 395 sacramento
759 361 924 395 confirma-

187 414 280 447 verit.
300 415 355 447 His
373 415 490 448 ancilla
516 415 570 447 Dei
589 414 673 447 Rosa
691 425 726 447 ex
746 420 854 447 nostro
872 414 924 446 Or-

189 467 264 500 dine
283 467 541 500 Praedicatorum
564 467 805 506 adnumeratur,
826 478 922 510 quam

188 526 301 562 postea
318 520 419 562 signis
438 531 541 563 aeque
564 531 600 552 ae
616 520 788 552 virtutibus
805 520 921 552 claram

188 573 292 605 felicis
320 573 558 606 recordationis
591 579 779 605 antecessor
813 577 924 605 noster

187 626 333 659 Clemens
359 626 444 669 Papa
470 626 494 658 X
509 626 541 658 in
562 631 746 658 sanctarum
763 625 922 667 virginum

187 689 342 712 canonem
369 679 491 712 retulit.

59 743 175 773 moeream
231 732 245 774 ξ
271 731 301 764 2.
329 731 454 764 Interea
479 731 629 764 Liuianus
655 731 798 774 pontifex
818 730 856 762 ad
874 729 921 762 sui

0 770 175 826 Zilif‘ffiffliefi'qi
187 784 297 826 gregis
316 785 451 817 salutem
467 783 602 827 impigre
618 784 822 823 incumbens,
838 783 924 816 dioe-

0 822 284 878 {ftilssssss‘ssi'dlcestm
311 837 349 869 de
375 847 464 870 more
491 838 708 880 perlustrans,
735 837 767 869 in
801 837 922 879 oppido

0 878 62 896 ‘emm
78 875 113 896 Μ’
186 890 312 923 Sannae
331 890 443 923 lethali
463 890 579 922 morbo
600 890 782 932 corripitur,
798 900 863 932 quo
882 889 924 922 in-

186 948 407 985 gravescente,
427 943 639 976 sanctissimis
657 943 878 976 Eucharistiae
893 948 923 975 et

185 996 352 1029 Extremae
380 996 548 1028 Une-tionis
579 996 789 1029 sacramentis
819 996 921 1038 probe

185 1048 344 1088 munitus,
360 1048 422 1081 fide
438 1054 469 1081 et
487 1059 544 1092 spe
564 1048 594 1081 in
611 1049 709 1082 Deum
725 1059 847 1081 summe
862 1049 923 1081 lae-

186 1107 234 1134 tus
251 1129 258 1142 ,
286 1102 380 1135 hilari
407 1103 494 1134 vultu
521 1102 687 1144 proximae
713 1101 922 1135 resolutionis

185 1166 262 1188 suae
280 1156 431 1188 nuncium
447 1156 579 1198 accepit,
598 1162 695 1198 atque
715 1155 922 1198 ingeminatis

185 1208 340 1242 davidicis
368 1209 488 1249 verbis,
511 1209 666 1241 Laetatus
690 1219 762 1240 sum
788 1209 822 1240 in
849 1208 918 1248 his,

184 1272 267 1305 quae
291 1261 378 1294 dic-la
408 1266 484 1294 sunt
520 1262 630 1300 mihi,
668 1261 818 1304 spiritum
856 1262 921 1295 Deo

185 1315 427 1353 commendans,
455 1314 690 1347 sanctissimam
718 1314 836 1347 efflavit
856 1315 922 1346 ani-

184 1377 269 1400 mam
302 1367 426 1400 decimo
462 1367 618 1400 kalendas
655 1367 799 1410 apriles,
837 1378 922 1402 anno

185 1420 301 1453 Christi
324 1420 446 1453 domini
467 1429 575 1456 uncvl,
602 1420 716 1453 aetatis
741 1430 848 1461 vatu,
871 1432 922 1454 ar-

184 1473 447 1516 chiepiscopatus
471 1483 542 1506 xxv.
570 1472 716 1505 Thuribii
742 1474 867 1506 animae
891 1474 920 1506 in

185 1527 310 1560 caelum
338 1532 489 1570 receptae
514 1526 670 1560 mirabilis
702 1527 785 1559 Deus
820 1527 922 1570 signis

185 1579 435 1624 quamplurimis
461 1580 663 1612 sanctitatem
691 1580 854 1623 patefecit,
877 1581 923 1613 Li-

184 1642 254 1665 mae
280 1632 471 1676 pracsertim
492 1658 499 1672 ‚
527 1643 591 1675 quo
618 1643 728 1665 sacrae
754 1633 823 1665 eius
848 1644 923 1665 exu-

184 1685 263 1725 viae,
288 1685 450 1728 prodigiis
477 1695 531 1718 eas
557 1685 800 1725 comitantibus,
827 1686 920 1719 adve-

184 1744 253 1772 ctae
279 1738 421 1770 suerunt.
455 1737 557 1776 Quare
592 1738 717 1771 eximiis
754 1738 834 1771 servi
866 1739 921 1772 Dei

182 1791 354 1824 virtutibus
380 1801 439 1834 per
463 1792 557 1834 plura
586 1791 741 1825 miracula
776 1802 921 1836 compro-

183 1844 276 1885 batis,
302 1845 375 1888 piae
401 1844 577 1877 memoriae
603 1850 789 1878 antecessor
810 1851 944 1886 nostert

183 1897 390 1930 Innocentius
416 1897 501 1940 Papa
526 1897 564 1930 XI
589 1908 676 1931 nono
703 1898 856 1931 kalendas
876 1899 919 1931 iu-

183 1950 259 1991 lias,
274 1960 358 1983 anno
373 1950 492 1983 Christi
509 1950 630 1983 domini
646 1960 816 1991 nneLxxtx,
835 1951 921 1984 Thu-

765 207 961 234 BENEDICTUS
985 208 1044 232 xm
1069 207 1118 232 Pr.

183 2003 301 2035 ribium
326 2003 429 2035 beatis
454 2002 638 2045 adscripsit,
663 2003 696 2035 in
722 2003 791 2036 eius
818 2004 921 2037 hono-

183 2065 251 2088 rem
275 2056 375 2088 saeris
401 2055 553 2098 precihus
581 2060 612 2088 et
630 2056 746 2089 missae
764 2057 921 2090 sacrificio

183 2108 343 2141 celebrari
364 2108 550 2151 permissis,
568 2119 719 2151 annoque
738 2109 929 2152 insequenti·

183 2161 216 2194 in
256 2160 380 2194 tabulas
420 2161 642 2204 martyrologii
683 2161 807 2194 romani
849 2172 919 2194 cum

182 2213 287 2247 beatis
315 2216 436 2247 relatus
462 2219 521 2247 est.

0 2273 173 2320 ='uljrogffifnai2⁴3(
227 2268 242 2311 ς
267 2266 298 2300 3.
325 2267 536 2300 Postmodum
559 2278 619 2310 per
637 2277 695 2300 nos
713 2268 811 2310 ipsos,
830 2268 920 2300 novis

0 2315 348 2379 {gcgbptgfficisgn-miraculis
376 2326 449 2364 post
474 2320 543 2353 eius
568 2320 836 2354 beatificationem
866 2331 920 2364 pa-

150 2369 154 2374 ’
185 2373 276 2407 tratis
313 2384 417 2417 aeque
454 2373 627 2413 discussis,
665 2373 785 2416 inque¹
819 2373 920 2406 tribus

184 2427 384 2461 consistoriis
411 2432 443 2460 et
470 2426 616 2470 plenario
641 2431 799 2459 conventu
823 2436 920 2459 vene-

184 2479 336 2513 rabilium
373 2480 505 2512 fratrum
542 2484 728 2512 nostrorum
761 2478 792 2512 S.
820 2479 856 2511 P..
883 2479 917 2511 E.

184 2533 409 2573 cardinalium,
423 2538 519 2577 atque
535 2533 633 2565 etiam
651 2532 920 2577 patriarcharum,

218 2596 230 2622 1
244 2595 314 2622 Male
325 2594 368 2622 ed.
380 2594 464 2622 Μαίη.
476 2594 539 2629 legit
551 2595 582 2622 in
594 2602 668 2630 quae
680 2602 728 2630 pro
740 2594 918 2629 inquefflxr).

966 257 1247 300 archiepiscorum
1273 261 1304 289 et
1335 255 1563 299 episcoporum
1593 255 1705 288 nobis-

966 320 1038 342 eum
1054 309 1175 342 Romae
1194 309 1422 352 praesentium,
1442 310 1502 341 rite
1518 308 1703 351 perpensis,

966 364 1107 396 unanimi
1135 364 1321 397 eorumdem
1348 363 1508 396 sententia
1533 373 1593 406 per
1613 362 1704 395 Sedis

969 417 1174 458 Apostolicae
1200 415 1367 449 notarios¹
1398 426 1507 449 coram
1535 415 1626 448 nohis
1653 425 1705 447 ex-

967 471 1068 511 cepta,
1094 479 1274 512 regumque
1300 479 1335 501 ac
1352 469 1539 512 principum
1558 468 1705 501 christia-

967 531 1084 554 norum
1110 532 1144 553 ac
1170 522 1246 554 cleri
1284 522 1462 565 populique
1489 521 1611 554 Limani
1637 531 1704 564 pre-

967 574 1058 606 cibus
1093 584 1153 617 pro
1186 575 1218 606 B.
1251 574 1408 607 Thurihio
1445 574 1476 606 in
1513 574 1704 607 Sanctorum

967 627 1188 659 consessorum
1214 627 1402 670 pontificum
1429 638 1587 660 canonem
1625 628 1706 660 refe-

968 679 1069 712 rendo
1096 680 1300 722 Apostolicae
1321 680 1392 713 Sedi
1419 680 1603 723 porrectis,
1631 685 1706 723 post

969 737 1076 765 tantae
1102 733 1148 765 rei
1175 732 1396 775 perficiendae
1418 734 1600 765 solemnem
1620 733 1704 766 diem

967 785 1136 826 indictam,
1162 796 1288 828 perque
1315 786 1482 818 orationes
1501 812 1508 825 ‚
1534 785 1653 818 ieiunia
1675 791 1705 818 et

966 838 1190 881 eleemosynas
1205 838 1441 881 omnipotentis
1459 839 1511 871 Dei
1528 849 1623 882 opem
1643 838 1705 870 fer-

966 891 1152 924 ventissime
1178 891 1400 934 imploratam,
1426 891 1554 924 dentum
1583 891 1705 924 univer-

965 943 1030 983 sis,
1058 955 1138 987 quae
1164 955 1199 977 ex
1238 950 1482 978 antecessorum
1517 950 1705 978 nostrorum

966 996 1183 1030 Romanorum
1210 997 1400 1030 Pontificum
1418 998 1705 1031 constitutionibus

966 1054 995 1081 et
1020 1048 1048 1082 S.
1075 1049 1112 1081 P..
1140 1049 1172 1082 Ε.
1199 1049 1370 1092 disciplina
1395 1050 1583 1093 peragenda
1601 1055 1703 1090 erant,

965 1103 1052 1135 omni
1078 1103 1239 1145 religione
1266 1103 1415 1146 peractis,
1444 1104 1504 1136 hac
1530 1104 1580 1136 die
1599 1105 1629 1136 in
1651 1103 1706 1136 ho-

965 1166 1077 1188 norem
1102 1155 1322 1188 anteeessoris
1348 1155 1451 1188 nostri
1481 1155 1646 1199 pontificis
1673 1161 1704 1188 et

966 1209 1116 1252 martyris
1131 1209 1321 1242 Melchiadis
1336 1209 1400 1242 Deo
1415 1211 1514 1249 sacra,
1527 1220 1589 1252 qua
1608 1209 1704 1242 etiam

964 1261 1125 1294 incarnati
1167 1262 1262 1294 Verbi
1303 1262 1491 1305 mysterium
1528 1262 1560 1294 in
1597 1264 1704 1295 annua

967 1315 1188 1348 translationis
1222 1316 1325 1348 almae
1358 1316 1475 1348 Domus
1502 1316 1702 1348 Lauretanae

965 1367 1122 1400 memoria
1150 1367 1316 1407 recolitur,
1340 1371 1403 1401 una
1429 1379 1499 1401 cum
1522 1369 1634 1401 iisdem
1653 1380 1705 1401 ve-

965 1420 1165 1453 nerabilibus
1198 1421 1351 1453 fratribus
1389 1421 1511 1454 nostris
1537 1421 1568 1454 S.
1600 1421 1637 1453 R.
1667 1421 1701 1453 E.

965 1473 1196 1511 cardinalibus,
1216 1473 1424 1516 patriarchis,
1449 1474 1704 1516 archiepiscopis

965 1531 997 1563 et
1021 1525 1182 1569 episcopis
1198 1553 1205 1565 ,
1233 1536 1269 1558 ac
1294 1526 1461 1570 utriusque
1489 1527 1565 1559 cleri
1593 1532 1623 1559 et
1648 1537 1704 1570 po-

966 1579 1032 1622 puli
1060 1578 1248 1621 frequentia,
1268 1578 1300 1611 in
1327 1584 1567 1612 sacrosanctam
1592 1579 1704 1613 basili-

965 1641 1033 1664 cam
1058 1631 1217 1675 Principis
1244 1633 1467 1675 apostolorum
1488 1633 1553 1666 Deo
1582 1633 1704 1676 suppli-

965 1690 1075 1717 cantes
1093 1684 1319 1717 convenimus:
1344 1684 1417 1725 ubi,
1441 1686 1562 1725 semel,
1584 1685 1703 1717 iterum

965 1743 996 1769 et
1021 1737 1116 1770 tertio
1134 1748 1192 1780 pro
1211 1737 1279 1770 viro
1292 1737 1348 1770 Dei
1370 1737 1401 1769 in
1415 1743 1603 1770 sanctorum
1622 1737 1704 1771 Con-

965 1790 1127 1823 fessorum
1148 1791 1341 1823 Pontificum
1373 1801 1534 1824 canonem
1563 1791 1703 1824 referen-

965 1844 1005 1877 do
1030 1844 1182 1887 precihus
1208 1844 1357 1887 repetitis
1391 1854 1449 1887 per
1481 1844 1702 1877 venerabilem

965 1896 1095 1929 fratrem
1128 1901 1276 1929 nostrum
1314 1895 1520 1929 Franciscum
1545 1896 1575 1929 S.
1604 1896 1639 1929 R.
1669 1895 1702 1929 E.

965 1950 1156 1992 episcopum
1175 1950 1373 1982 cardinalem
1392 1949 1605 1982 Barberinum
1623 1960 1704 1983 nun-

965 2007 1123 2045 cupatum,
1142 2007 1217 2045 post
1238 2002 1424 2035 decantatas
1450 2012 1557 2034 sacras
1581 2002 1704 2035 oratio-

964 2065 1022 2088 nes
1037 2058 1066 2088 et
1079 2054 1217 2097 Spiritus
1238 2054 1346 2087 Sancti
1363 2055 1497 2097 gratiam
1516 2055 1698 2088 humillime

962 2108 1177 2151 imploratam,
1204 2108 1243 2140 ad
1279 2108 1437 2140 honorem
1478 2108 1701 2140 sanctissimae

968 2167 999 2194 et
1024 2161 1208 2195 individuae
1233 2160 1409 2201 Trinitatis,
1428 2160 1503 2193 fidei
1522 2161 1702 2193 catholicae

969 2214 1208 2253 exaltationem,
1234 2218 1265 2246 et
1297 2212 1494 2246 christianae
1532 2212 1702 2255 religionis

962 2267 1218 2306 incrementum,
1247 2266 1441 2298 auctoritate
1467 2266 1702 2309 omnipotentis

963 2319 1017 2352 Dei
1043 2319 1159 2359 Patris,
1186 2318 1257 2351 Filii
1284 2322 1315 2350 et
1339 2317 1478 2361 Spiritus
1502 2317 1609 2351 Sancti
1631 2345 1638 2358 ,
1669 2324 1700 2350 ct

963 2372 1132 2404 beatorum
1157 2371 1380 2414 apostolorum
1406 2370 1493 2403 Petri
1518 2376 1549 2404 et
1585 2371 1700 2410 Pauli,

962 2435 999 2457 ac
1023 2426 1152 2464 nostr-21,
1179 2423 1218 2456 de
1244 2423 1435 2456 eorumdem
1463 2424 1701 2457 venerabilium

963 2478 1095 2510 fratrum
1121 2482 1305 2510 nostrorum
1331 2476 1445 2509 S.R.E.
1473 2477 1698 2518 cardinalium,

963 2530 1232 2573 patriarcharum,
1253 2530 1575 2573 archiepiscoporum
1591 2535 1623 2563 et
1640 2531 1703 2574 epi-

1000 2594 1008 2618 1
1030 2592 1097 2619 Male
1114 2592 1156 2618 etl.
1175 2591 1207 2618 M.
1226 2591 1253 2618 h.
1270 2591 1385 2620 notario
1401 2599 1448 2627 pro
1460 2592 1589 2620 notarios
1604 2592 1700 2626 (n.'r.).

1718 206 1766 234 An.
1783 206 1812 234 C.
1836 207 1902 235 ¹726
