2170 3147
209 191 259 217 Λη.
282 190 310 218 c.
331 191 399 218 ¹72ss
445 183 509 216 [1130
981 194 1166 220 nuntiaturi

727 243 826 277 CLIII.

405 324 644 367 Promulqmur
674 325 880 358 canonizatio
918 325 954 359 Β.
996 325 1150 359 Thau-ibit·

447 378 685 422 archiepiscopi
710 378 879 412 Limani¹.

580 458 764 486 Benedictus
794 458 971 494 episcopus,

596 510 703 530 servus
721 511 876 531 servorum
893 505 956 538 Dei,

520 549 556 574 ad
576 551 757 581 perpetuam
777 548 824 575 rei
843 549 1032 576 memoriam.

234 625 346 646 Exordium
366 633 390 647 ex

447 617 605 656 Quoniam
631 617 771 662 Spiritus
797 619 905 652 Sancti
931 621 1064 654 oraculo
1089 631 1148 664 per

206 655 390 710 Zsssqffisssliss'issr'iiffi
403 671 437 704 B.
466 671 620 704 Ioannem
648 673 833 715 apostolum
853 673 973 706 dictum
993 679 1050 713 est,
1070 674 1147 708 odo-

206 707 391 760 Ekl'll't'l'l''o{⁴t'sslss
403 730 549 758 ramenta
575 725 606 758 in
639 725 758 769 phialis
796 726 901 759 aureis
935 726 1002 760 visa
1039 738 1145 761 coram

402 779 494 821 Aguo
511 778 653 812 extincto
673 789 741 812 csse
761 781 928 814 orationes
946 786 1144 822 sanctorum,

402 842 483 874 quae
509 832 547 864 ad
569 832 747 875 expiandas
767 838 956 867 nostrorum
976 834 1145 868 criminum

403 885 518 917 sordes
545 890 618 918 ante
645 892 857 929 conspectum
884 887 1041 920 Altissiini
1067 888 1145 922 odo-

402 948 469 970 rem
497 938 665 971 suavitatis
692 939 856 980 emittunt3
883 940 959 973 ideo
984 951 1055 982 nos,
1074 942 1145 985 qui-

402 991 471 1031 bus,
482 991 557 1024 licet
569 991 746 1032 immeritis
757 992 843 1026 idem
855 992 994 1037 Spiritus
1009 994 1144 1027 Sanctus

402 1046 564 1086 regendae
592 1046 689 1078 totius
715 1046 881 1080 Ecclesiae
903 1058 1015 1081 curam
1040 1048 1145 1081 iniun-

401 1098 460 1137 xit,
482 1103 633 1132 aeternae
660 1100 926 1134 christifidelium
951 1102 1048 1135 saluti
1075 1103 1144 1146 plu-

400 1152 519 1185 rimum
556 1153 721 1186 credimus
758 1154 940 1197 expedire,
974 1155 999 1188 si
1033 1166 1143 1189 eorum

399 1206 589 1238 memoriam
601 1206 804 1240 solemnibus
819 1208 1006 1251 praeconiis
1021 1209 1142 1252 ubique

400 1260 559 1291 celebrari
587 1260 815 1301 decernimus,
841 1272 979 1305 quorum
1004 1262 1143 1296 assiduis

400 1311 690 1354 deprecationibus
716 1319 746 1347 et
782 1315 972 1357 patrocinio
1011 1326 1143 1358 gregem

400 1365 596 1398 catholicum
614 1393 621 1406 ‚
650 1372 780 1400 nostrae
807 1368 880 1401 fidei
908 1369 1141 1411 commissum,

399 1418 432 1451 in
458 1421 547 1452 caelo
573 1420 718 1453 adiuvari
745 1431 928 1464 speramus.

251 1479 274 1502 n.
292 1481 388 1501 intutu
444 1473 459 1516 ἓ
484 1472 515 1505 ’1.
543 1472 654 1516 Itaque
680 1484 807 1507 summa
832 1475 867 1508 B.
896 1475 1042 1509 Thuribii
1078 1487 1144 1510 me-

204 1511 387 1569 Pi'vfftffi'i‘lii'il
401 1525 463 1558 rita
488 1531 519 1558 et
556 1526 674 1568 signa,
709 1526 898 1560 iamdudum
936 1529 1021 1572 apud
1061 1529 1144 1562 hanc

204 1562 382 1610 ῙῘΪῘἯῘΫῘΞΫ
400 1585 542 1612 sanctam
569 1580 789 1622 Apostolicam
815 1581 932 1614 Sedem
958 1592 1019 1625 per
1049 1593 1143 1615 vene-

400 1633 520 1665 rabiles
558 1633 672 1666 fratres
701 1639 827 1667 nostros
851 1634 882 1668 S.
911 1634 948 1668 R.
976 1634 1010 1667 E.
1039 1635 1142 1668 cardi-

401 1687 492 1719 nales
528 1686 587 1719 sub
624 1687 697 1730 piae
739 1688 917 1721 memoriae
957 1694 1144 1722 antecesso-

400 1740 490 1772 ribus
516 1741 636 1773 nostris
672 1741 825 1774 Romanis
862 1741 1071 1775 Pontificibus
1110 1743 1142 1775 in

400 1793 535 1836 longum
552 1804 684 1827 examen
700 1795 847 1834 adducta,
864 1805 931 1835 uOS,
950 1796 982 1828 in
1002 1796 1036 1829 B.
1057 1795 1142 1829 Petri
1164 1811 1165 1821 ι

400 1849 623 1890 apostolorum
650 1848 811 1891 Principis
837 1849 1008 1888 cathedra,
1035 1849 1166 1892 dispo-z

400 1908 498 1934 nente
526 1901 677 1941 Domino,
702 1903 752 1936 vix
778 1902 986 1942 constitutos,
1009 1913 1143 1945 magno-
1164 1939 1166 1945 y

399 1966 477 1998 pere
505 1957 752 1997 excitaverunt,
778 1962 813 1989 ut
849 1957 888 1990 de
924 1957 1043 1999 insigni
1075 1958 1143 1991 viro

401 2009 538 2051 publicis
582 2009 773 2043 Sanctorum
817 2010 998 2043 honoribus
1040 2011 1144 2044 hone·

401 2064 516 2096 stando
549 2064 788 2105 cogitaremus3
822 2075 942 2108 quem,
980 2064 1142 2108 Maiorgae

401 2116 523 2157 oppido
551 2116 725 2159 Hispaniae
751 2116 1004 2150 TarraconensiS
1029 2118 1058 2149 in
1078 2118 1144 2161 epi-

402 2175 537 2211 scopatu
565 2170 758 2212 Legionensi
779 2181 827 2204 xv1
847 2171 1001 2204 kalendas
1021 2171 1143 2204 decem

401 2221 475 2253 bres·
501 2233 584 2255 anno
610 2223 729 2256 Christi
765 2223 887 2257 domini
914 2234 1079 2258 mcxxxviii
1105 2235 1141 2258 ex

401 2276 581 2316 praenobili
609 2277 791 2319 Mogroveia
819 2283 915 2319 gente
941 2283 1058 2318 ortum,
1086 2288 1145 2321 per

402 2327 468 2358 vias
497 2328 620 2360 Domini
648 2336 807 2372 perpetuo
834 2331 1070 2370 ambulantem,
1097 2331 1166 2363 in-‹

403 2390 465 2421 que
481 2382 622 2412 omnium
640 2382 793 2415 virtutum
810 2384 919 2415 studi0
936 2384 1144 2417 laudabiliter
1165 2407 1166 2418 2

402 2432 638 2474 proficientem,
656 2435 810 2477 IIispania
835 2437 985 2479 primum,
1006 2443 1038 2469 et
1055 2443 1143 2481 post-

403 2487 535 2518 modum
563 2498 638 2519 orae
665 2490 897 2530 Americanae,
925 2501 1003 2534 quas
1035 2491 1143 2523 indias

441 2558 447 2581 1
475 2557 539 2582 tute
560 2558 666 2584 constit.
688 2558 751 2585 edit.
774 2566 933 2596 uoccxxni,
955 2561 999 2588 die
1019 2562 1035 2588 4
1054 2561 1141 2597 iunii,

402 2602 496 2637 pontif.
514 2609 530 2635 t,
553 2606 579 2629 et
599 2604 707 2630 constit.
728 2610 882 2639 sequentes,

1188 195 1346 222 ROMANUM

1192 245 1418 280 Occidentales
1444 258 1595 282 vocamus
1613 276 1622 289 ,
1651 249 1845 293 conspicere
1871 260 1936 284 rne-

1192 305 1341 333 ruerunt.
1361 301 1388 333 Is
1401 301 1486 334 enim
1499 302 1691 336 liberalibus
1706 302 1890 347 disciplinis
1904 308 1934 338 et

1192 363 1266 386 vere
1280 353 1464 388 christianis
1479 355 1739 390 institutionibus
1764 357 1931 398 educatus,

1192 406 1414 451 doctrinisque
1429 409 1626 451 evangelicis
1641 409 1856 444 Salmanticae
1876 420 1933 454 op-

1193 460 1268 493 time
1293 461 1471 495 instructus
1497 462 1529 494 in
1552 463 1691 506 collegio
1707 463 1858 497 Ovetensi
1876 463 1931 496 ubi

1191 513 1261 546 eius
1285 514 1455 548 brachium
1481 517 1598 558 magna
1623 517 1838 550 veneratione
1876 516 1932 549 ad-

1191 572 1361 608 servatur,
1389 579 1424 601 ex
1458 579 1549 602 sacro
1585 580 1722 603 munere
1760 569 1933 613 apostolici

1191 620 1385 662 quaesitoris
1409 621 1485 654 fidei
1512 621 1543 654 in
1575 632 1678 665 reguo
1713 622 1904 656 Granatensi
1925 650 1932 663 ,

1190 673 1277 715 quod
1304 676 1421 716 magna
1446 675 1635 708 innocentia
1660 681 1691 709 et
1716 676 1837 719 pietate
1863 676 1934 709 sub-

1190 725 1276 766 ibat,
1315 727 1352 759 ad
1390 727 1711 772 archiepiscopalem
1742 729 1931 763 cathedram

1190 780 1344 813 ecclesiae
1376 781 1547 822 Limanae,
1574 782 1697 815 inscius
1729 788 1825 826 atque
1851 793 1934 817 onus

1190 832 1369 875 refugiens,
1393 835 1596 868 americanos
1613 836 1753 878 populos
1774 836 1932 880 pastorali

1190 886 1298 919 officio
1324 893 1483 927 recturus,
1512 888 1621 922 divino
1647 889 1786 923 consilio
1804 895 1933 923 vocatus

1189 945 1253 980 est,
1274 939 1337 983 quo
1363 951 1397 973 se
1424 940 1472 973 vir
1496 941 1552 974 Dei
1570 952 1726 985 supremo
1750 949 1827 975 nutu
1847 943 1932 976 trahi

1189 993 1357 1034 sentiens,
1384 1004 1443 1036 per
1473 994 1625 1037 ingentes
1660 995 1868 1029 difficultates
1902 1001 1933 1029 et

1188 1047 1271 1079 vitae
1297 1047 1443 1090 pericula
1462 1048 1582 1081 invicto
1602 1048 1709 1082 animo
1731 1050 1929 1093 properavit.

1188 1100 1353 1134 Limanam
1385 1108 1535 1144 gentem,
1562 1103 1709 1136 moribus
1740 1103 1836 1137 foede
1862 1114 1933 1137 cor-

1187 1160 1317 1197 ruptam
1341 1155 1503 1199 variisque
1537 1156 1831 1199 superstitionibus
1868 1162 1934 1189 tur-

1187 1208 1274 1251 piter
1299 1207 1520 1251 inquinatam,
1548 1210 1588 1242 ad
1620 1209 1831 1243 christianam
1865 1210 1932 1253 pie-

1189 1266 1286 1294 tatem
1297 1261 1449 1294 alacriter
1464 1263 1677 1295 excolendam
1688 1273 1814 1296 summo
1825 1263 1931 1296 studio

1189 1315 1358 1348 traducere
1376 1316 1561 1356 contendit;
1588 1317 1753 1360 rebusque
1773 1317 1930 1350 ecclesiae

1188 1368 1339 1402 Limanae
1360 1369 1539 1413 dispositis,
1558 1369 1737 1403 dioecesim
1755 1375 1786 1402 et
1806 1380 1930 1403 sacram

1188 1422 1389 1464 provinciam
1415 1423 1511 1456 nudis
1535 1422 1673 1466 pedibus
1702 1428 1800 1456 totam
1819 1424 1932 1456 lustra-

1187 1474 1253 1514 vit,
1282 1476 1367 1508 unde
1394 1476 1512 1509 sactum
1548 1482 1582 1508 nt
1618 1475 1819 1509 incredibilis
1845 1476 1929 1509 Thu-

1188 1527 1262 1560 ribii
1288 1529 1430 1562 charitas
1457 1529 1531 1561 vitia
1557 1534 1716 1562 etmutua
1735 1530 1820 1570 odia,
1849 1539 1930 1573 quae

1187 1582 1309 1625 passim
1336 1583 1611 1623 dominabantur,
1637 1594 1672 1616 ex
1704 1583 1820 1616 animis
1853 1593 1929 1617 suae

1188 1635 1294 1678 plebis
1319 1646 1454 1679 prorsus
1481 1637 1648 1669 evelleret.
1677 1636 1755 1668 Turn
1782 1636 1829 1669 vir
1852 1636 1928 1675 Dei,

1187 1689 1288 1732 probe
1313 1700 1434 1732 gnarus
1467 1690 1549 1723 nihil
1587 1690 1695 1733 aptius
1722 1690 1762 1723 ad
1788 1690 1930 1733 discipli-

1188 1753 1261 1775 nam
1287 1749 1319 1775 et
1339 1743 1504 1785 Evangelii
1531 1743 1670 1780 semina,
1698 1753 1781 1786 quae
1807 1743 1929 1776 bonum

1188 1796 1326 1829 fructum
1353 1797 1555 1836 redderent,
1581 1797 1613 1829 in
1649 1808 1726 1840 agro
1763 1797 1928 1830 dominico

1188 1850 1380 1883 seminanda
1393 1849 1411 1888 ¹,
1431 1861 1526 1894 quam
1546 1861 1638 1883 sacra
1655 1851 1851 1894 synodorum
1868 1856 1929 1883 sta-

1188 1909 1254 1936 tuta
1280 1903 1446 1946 reperiri,
1476 1914 1549 1936 mox
1583 1904 1622 1937 ad
1658 1904 1929 1947 presbyterorum

1164 1955 1166 1990 ἰ
1187 1962 1219 1990 et
1243 1957 1445 1989 confratrum
1473 1958 1703 2000 episcoporum
1732 1958 1929 1991 dioecesana

1188 2017 1219 2044 et
1245 2011 1459 2054 provincialia
1484 2011 1622 2045 concilia
1648 2011 1826 2044 identidem
1848 2011 1930 2044 cele-

1187 2064 1309 2097 branda
1329 2075 1457 2097 omnem
1476 2075 1565 2097 suam
1585 2064 1840 2098 sollicitudinem
1858 2074 1928 2097 ver-

1188 2118 1238 2158 tit,
1266 2128 1357 2161 quae,
1375 2118 1469 2150 huius
1496 2118 1591 2152 etiam
1609 2117 1701 2151 Sedis
1721 2118 1927 2161 Apostolicae

1188 2172 1366 2204 munimine
1394 2173 1561 2213 roborata,
1588 2173 1687 2204 multa
1712 2177 1744 2204 et
1768 2170 1930 2215 probatis-

1188 2225 1267 2257 sima
1294 2224 1418 2257 habuit.
1447 2224 1524 2257 Tum
1551 2224 1651 2257 sacris
1677 2224 1756 2257 viris
1781 2228 1812 2256 et
1836 2223 1929 2267 virgi·

1187 2278 1283 2311 nibus
1324 2278 1523 2321 pauperibus
1549 2283 1579 2310 et
1597 2277 1733 2310 infirmis
1762 2277 1927 2320 praesenti

1187 2341 1250 2373 ope
1277 2331 1469 2371 consuluit,
1497 2331 1558 2363 sibi
1586 2331 1644 2374 ipsi
1683 2330 1928 2373 pernecessaria

1187 2384 1219 2416 in
1246 2394 1358 2416 eorum
1384 2394 1476 2416 usum
1502 2383 1708 2427 impendens,
1733 2383 1820 2416 unde
1841 2382 1927 2415 chri-

1187 2437 1332 2470 stianitas
1360 2437 1488 2470 illarum
1515 2437 1673 2480 partium,
1700 2436 1764 2468 Deo
1789 2436 1925 2476 favente,

1186 2490 1320 2522 mirifice
1339 2496 1431 2523 aucta
1449 2495 1507 2530 est,
1524 2490 1566 2523 ita
1584 2496 1617 2522 ut
1635 2490 1673 2522 ad
1694 2494 1878 2531 nongentos
1897 2493 1927 2521 et

1222 2561 1232 2586 1
1257 2559 1323 2586 Itale
1343 2559 1408 2586 edit.
1430 2560 1514 2587 Μαίη.
1536 2559 1599 2595 legit
1618 2558 1786 2587 seminandi
1812 2566 1862 2595 pro
1881 2566 1925 2587 se-

1185 2604 1332 2632 minanda
1351 2609 1390 2640 (a.
1412 2606 1447 2641 r).

1945 200 1994 228 An.
2012 201 2041 229 C.
2063 203 2132 231 ¹726
