2170 3147
232 246 285 274 An.
303 246 332 273 c.
355 246 423 274 1726
469 238 533 272 350

278 2648 415 2671 Confirmatio

427 296 529 328 blicae
556 295 753 327 christianae
780 294 973 334 accederet,
1001 295 1026 327 si
1057 295 1169 328 eadem

427 349 601 381 Academia
626 348 716 380 novis
743 347 1020 391 validioribusque
1046 349 1170 391 praesi-

428 401 489 434 diis
514 401 789 439 constabiliretur,
808 412 946 444 quorum
966 411 1027 443 ope
1047 400 1170 433 firmius

427 455 628 494 subsisteret,
653 455 859 498 maioresque
883 455 914 487 in
930 455 999 487 dies
1021 465 1170 497 progres-

427 517 482 538 sus
508 507 628 539 faceret
653 507 717 549 (sic
741 517 882 550 namque
910 506 1024 545 multi,
1050 512 1085 539 ut
1109 517 1171 539 me-

427 559 489 592 rito
514 570 645 602 sperare
672 560 756 599 licet,
783 560 904 593 nedum
923 560 954 592 in
972 559 1058 592 Urbe
1077 570 1171 603 prae-

428 612 521 653 dicta,
548 613 601 645 sed
629 613 661 645 in
682 612 754 646 aliis
776 613 872 646 etiam
893 613 1062 646 christiani
1083 613 1170 645 orbis

427 666 572 708 partibus
598 666 770 709 degentes,
790 667 856 709 qui,
876 672 1035 699 consueto
1061 676 1169 699 sacrae

427 719 616 762 theologiae
643 730 739 752 cursu
776 720 807 752 in
845 719 967 752 scholis
994 719 1166 759 absoluto,

426 771 513 805 illius
530 773 671 805 studium
691 783 828 816 prorsus
844 773 1011 813 abiiciunt,
1031 773 1068 805 ad
1086 773 1171 805 hanc

427 826 633 858 Academiam
657 827 887 866 convolantes,
912 836 1076 859 sacrorum
1114 827 1170 859 do-

428 885 581 921 gmatum,
594 879 749 912 historiae
764 880 1013 919 ecclesiasticae,
1030 890 1066 912 ac
1080 880 1170 912 scho-

427 933 559 965 lastieae
587 933 773 976 theologiae
804 933 912 966 studia
938 933 1035 966 alacri
1061 933 1169 966 animo

427 992 666 1029 prosequentes
693 996 749 1019 seu
776 986 1020 1029 aggredientes,
1046 986 1085 1019 ad
1119 996 1170 1018 ec-

427 1040 609 1073 clesiastiea
634 1040 744 1072 munia
761 1040 821 1073 rite
848 1045 880 1073 et
904 1045 992 1073 reete
1019 1040 1170 1073 obeunda

427 1092 460 1125 in
493 1093 607 1136 primis
643 1094 751 1127 idonei
784 1093 1019 1133 redderentur,
1046 1093 1169 1136 puriori

428 1146 643 1190 solidiorique
670 1147 823 1180 scientiae
849 1147 969 1190 pabulo
990 1147 1171 1180 enutriren-

429 1205 496 1241 tur,
526 1206 556 1233 et
581 1201 613 1233 in
639 1202 717 1233 sana
749 1200 895 1233 doctrina
920 1200 1057 1240 eruditi,
1082 1199 1170 1233 illam

427 1253 460 1286 in
485 1254 550 1287 suis
574 1254 757 1298 respective
782 1253 971 1296 regionibus
997 1253 1114 1286 docere
1141 1259 1172 1286 et

426 1317 623 1351 propagare,
650 1313 746 1351 atque
772 1308 926 1341 adversus
945 1307 1098 1351 profanas
1118 1317 1171 1340 vo-

427 1371 501 1394 cum
526 1361 826 1405 sententiarumque
853 1361 942 1395 hisce
976 1361 1170 1405 praesertim

427 1415 627 1458 temporibus
645 1415 817 1449 admodum
835 1415 1096 1448 increbescentes
1117 1425 1171 1447 no-

426 1469 538 1502 vitates
564 1475 695 1503 strenue
714 1479 923 1513 propugnare
950 1474 1102 1512 possent;
1123 1469 1168 1502 illi

427 1532 520 1563 vero,
548 1522 601 1566 qui
628 1533 786 1556 censurae
813 1516 912 1565 gradu
938 1526 1014 1565 post
1046 1522 1170 1554 diutur-

426 1586 486 1608 nos
517 1576 646 1609 labores
679 1576 711 1608 in
738 1575 822 1609 dicta
853 1575 1025 1608 Academia
1051 1575 1169 1618 adepto

427 1629 461 1662 in
486 1630 598 1663 eadem
626 1629 709 1663 Urbe
735 1634 1026 1670 commorarentur,
1045 1629 1170 1662 collatis

427 1683 513 1716 inter
538 1693 572 1716 se
607 1683 775 1723 consiliis,
803 1688 859 1716 aut
895 1683 927 1715 in
964 1682 1169 1716 confutandis

426 1735 566 1777 libellis,
591 1736 646 1779 qui
679 1736 778 1769 nimia
806 1735 987 1769 temeritate
1012 1736 1169 1769 adversus

426 1790 628 1823 orthodoxae
653 1790 728 1823 fidei
746 1790 922 1833 puritatem
940 1790 1168 1833 sanctioraque

425 1842 456 1875 S.
479 1842 515 1875 R.
539 1842 572 1875 E.
598 1848 630 1876 et
654 1842 746 1876 Sedis
785 1842 993 1886 Apostolieae
1028 1842 1097 1874 iura
1133 1852 1169 1874 ac

425 1896 580 1939 probatas
597 1901 628 1929 et
644 1907 662 1929 a
680 1896 858 1929 maioribus
879 1895 999 1929 nostris
1019 1900 1166 1938 receptas

427 1949 619 1983 traditiones
642 1955 674 1983 et
691 1950 868 1983 sententias
885 1950 1006 1993 passim
1032 1949 1169 1982 circum-

426 2002 582 2045 feruntur,
610 2010 663 2036 aut
680 2004 712 2036 in
729 2003 959 2037 vetustioribus
980 2007 1166 2036 sanctorum

424 2055 555 2090 Patrum
581 2058 749 2091 codicibus
782 2058 922 2091 fideliter
954 2057 1163 2099 evulgandis,

424 2111 476 2143 vel
501 2111 593 2144 novis
619 2111 921 2144 elucubrationibus
946 2121 1006 2154 pro
1041 2116 1165 2153 tempo-

424 2174 496 2197 rum
522 2166 769 2208 opportunitate
795 2165 942 2206 edendis,
966 2175 1035 2197 rem
1060 2164 1167 2196 catho-

424 2219 520 2252 licam
545 2229 581 2251 ac
606 2219 799 2252 litterariam
826 2219 908 2251 tueri
946 2223 976 2251 et
1001 2218 1166 2252 illustrare

424 2273 595 2313 valerent),
613 2273 672 2305 hos
700 2272 838 2315 proinde
863 2272 1008 2315 aliosque
1034 2271 1166 2304 uberio-

425 2335 476 2358 res
501 2325 539 2357 ab
565 2325 610 2358 Eo
636 2326 690 2368 qui
710 2326 950 2359 incrementum
973 2326 1026 2358 dat
1047 2330 1078 2358 et
1096 2336 1166 2369 pre-

426 2388 477 2411 ces
510 2389 544 2410 ac
569 2384 643 2411 vota
678 2379 847 2412 humilium
884 2379 1014 2411 exaudit
1045 2379 1164 2411 fructus

427 2441 463 2464 ex
490 2432 602 2464 eadem
630 2431 801 2465 Academia
826 2433 1077 2476 praestolantes,
1096 2443 1167 2474 gra-

428 2484 486 2517 tias
514 2490 544 2517 et
568 2484 756 2527 privilegia,
782 2486 809 2518 ci
836 2486 875 2518 ab
901 2485 973 2528 ipso
998 2485 1165 2518 Clemente

424 2537 682 2580 praedecessore
701 2537 783 2569 sicut
800 2538 983 2580 praefertur
1001 2548 1165 2578 concessa,

425 2590 584 2633 ampliare
611 2595 642 2622 et
667 2591 841 2623 extendere
866 2591 1128 2624 decreverimus:

470 2643 485 2687 ἓ
509 2643 540 2677 3.
568 2643 650 2676 IIinc
675 2648 723 2677 est
748 2643 845 2687 quod,
873 2644 1019 2678 eiusdem
1047 2643 1166 2678 Acade-

1011 246 1191 271 BULLARIUM
1217 245 1370 270 ROMANUM

1959 244 2009 272 An.
2027 244 2058 272 G.
2078 244 2151 274 1726·

1214 294 1295 327 miae
1319 293 1423 333 statui,
1450 294 1687 327 conservationi
1713 298 1745 327 et
1770 293 2045 337 incremen-reeunf·
2073 308 2150 329 conet-

1216 347 1254 380 tis
1295 353 1478 391 opportune
1515 347 1727 390 prospicere,
1756 358 1792 379 ac
1818 334 2151 386 dilectos{illilt‘fssixifffl'

1215 400 1298 434 fitios
1325 401 1411 433 illius
1438 401 1640 433 academicos
1670 400 1820 444 specialis
1846 400 1955 432 favore

1215 454 1296 496 grati
1323 454 1476 496 prosequi
1502 455 1659 492 volentes,
1686 452 1864 495 eorumque
1891 452 1957 485 sin-

1215 508 1343 549 gulares
1368 517 1523 550 personas
1547 517 1564 538 a
1582 506 1747 549 quibusvis
1774 515 1959 538 excommu-

1215 560 1411 599 nicationis,
1449 558 1678 602 suspensionis
1715 564 1746 591 et
1782 558 1957 598 interdicti,

1215 613 1350 656 aliisque
1366 612 1598 646 ecelesiasticis
1614 611 1795 652 sententiis,
1814 610 1959 644 censuris

1215 672 1246 699 et
1270 667 1398 710 poenis,
1415 677 1431 699 a
1446 666 1518 698 iure
1537 666 1586 698 vel
1605 666 1644 698 ab
1671 665 1816 705 homine,
1845 664 1958 708 quavis

1215 719 1386 752 occasione
1405 720 1453 752 vel
1472 720 1567 751 causa
1588 718 1670 758 latis,
1692 718 1718 750 si
1739 718 1854 761 quibus
1878 727 1960 760 quo-

1215 773 1396 806 modolibet
1422 772 1595 805 innodatae
1622 773 1786 813 existunt,
1814 772 1852 804 ad
1882 770 1958 804 effe·

1215 833 1299 859 ctum
1316 826 1534 870 praesentium
1550 831 1670 858 tantum
1683 825 1956 868 consequendum,

1216 880 1331 912 harum
1373 879 1456 912 serie
1498 879 1701 912 absolventes
1736 885 1767 912 et
1792 878 1957 912 absolutas

1216 934 1283 966 sore
1315 939 1508 972 censentes,
1534 933 1754 976 praeinsertas
1781 933 1957 966 Clementis

1215 986 1479 1030 praedecessoris
1497 986 1632 1026 litteras,
1655 997 1691 1019 ac
1712 985 1820 1019 onmia
1841 990 1873 1018 et
1893 985 1960 1018 sin-

1215 1042 1291 1084 gula
1315 1041 1348 1073 in
1374 1041 1420 1073 eis
1440 1046 1592 1074 contenta
1609 1046 1641 1074 et
1658 1051 1826 1083 expressa,
1846 1044 1958 1073 aucto-

1215 1094 1309 1127 ritate
1335 1095 1535 1138 apostoliea,
1575 1099 1686 1127 tenore
1712 1093 1957 1138 praesentium,

1215 1152 1374 1191 perpetuo
1411 1147 1629 1191 approbamus
1661 1153 1692 1180 et
1717 1146 1956 1187 confirmamus,

1216 1211 1262 1241 ac,
1281 1206 1442 1244 quatenus
1468 1212 1551 1244 opus
1575 1201 1625 1241 sit,
1644 1201 1835 1233 innovamus
1862 1205 1893 1233 et
1918 1200 1957 1233 de

1215 1264 1298 1287 novo
1324 1254 1549 1294 concedimus,
1577 1254 1747 1287 statuimus
1774 1258 1806 1286 et
1830 1253 1958 1286 ordina-

1215 1317 1294 1347 mus,
1313 1307 1442 1351 illisque
1466 1307 1661 1340 inviolabilis
1688 1307 1887 1351 apostolicae
1906 1306 1958 1338 tir-

1215 1361 1332 1394 mitatis
1360 1362 1460 1394 robur
1478 1366 1508 1394 et
1526 1361 1699 1394 efficaciam
1726 1357 1954 1403 iniungimus¹.

1259 1416 1273 1458 ἓ
1298 1415 1330 1448 lt.
1350 1416 1532 1455 Praeterea,
1555 1425 1638 1455 cum,
1658 1415 1739 1448 sicut
1755 1414 1955 1458 accepimus,
1991 1425 2105 1457 Concessio
2115 1431 2153 1456 ρο-

1215 1469 1365 1512 plerique
1402 1479 1439 1502 ex
1466 1469 1522 1509 eis,
1548 1468 1603 1512 qui
1630 1468 1737 1501 eidem
1762 1453 2153 1505 Academiae{?‹3‘l¹l¹121.¹³“*'¹¹⁶‘

1215 1523 1373 1555 hactenus
1409 1532 1528 1555 nomen
1561 1527 1593 1554 et
1624 1532 1758 1565 operam
1785 1521 1956 1561 dederunt,

1215 1575 1262 1608 rei
1288 1576 1454 1609 familiaris
1480 1575 1628 1618 angustia
1653 1574 1771 1618 pressi,
1791 1585 1808 1607 a
1832 1573 1957 1617 coeptis

1215 1628 1371 1661 absistere
1398 1634 1429 1661 ct
1461 1627 1524 1661 alio
1550 1628 1658 1661 studia
1683 1638 1740 1660 sua
1765 1632 1956 1660 convertere

1215 1681 1398 1722 debuerim,
1426 1683 1615 1724 pluresque,
1642 1691 1682 1714 ne
1707 1681 1893 1724 praedictae
1914 1680 1955 1713 A-

1213 1736 1380 1769 cademiae
1404 1735 1685 1773 adscriberentur,
1714 1735 1774 1767 hae
1809 1734 1878 1777 ipsa
1914 1734 1961 1767 de'

1213 1791 1306 1821 causa
1331 1788 1476 1821 deterriti
1502 1788 1642 1826 suerint,
1668 1787 1809 1830 indeque
1835 1787 1955 1820 factum

1213 1842 1253 1875 sit
1279 1842 1365 1885 quod
1399 1842 1483 1874 dicta
1516 1841 1688 1874 Academia
1721 1845 1847 1884 optatos
1880 1850 1955 1883 pro—

1212 1905 1340 1937 gressus
1367 1895 1535 1938 hueusque
1554 1894 1685 1927 minime
1706 1893 1813 1927 facere
1838 1898 1955 1936 potue-

1214 1949 1270 1989 rit,
1290 1948 1366 1992 quin
1394 1948 1488 1981 etiam
1516 1948 1619 1980 timeri
1642 1947 1744 1991 possit
1768 1957 1808 1980 ne
1833 1946 1954 1980 sensim

1213 2003 1424 2035 decrescente
1451 2001 1710 2035 academicorum
1728 2011 1864 2033 numero
1891 2005 1953 2033 tan-

1213 2056 1285 2089 dem
1313 2056 1458 2089 omnium
1485 2055 1613 2088 deficiat
1638 2059 1668 2087 et
1700 2054 1865 2094 concidat,
1890 2053 1954 2086 nisi

1212 2110 1336 2153 aliquot
1371 2120 1407 2142 ex
1436 2108 1641 2151 benignitate
1681 2107 1860 2151 apostolica
1892 2107 1951 2140 de-

1211 2163 1371 2207 promptis
1398 2162 1550 2195 subsidiis
1569 2161 1720 2195 fulciatur
1740 2166 1834 2204 atque
1860 2160 1955 2193 susti-

1210 2221 1348 2249 neatur:
1383 2217 1550 2256 volumus,
1585 2220 1639 2256 ut,
1677 2214 1796 2258 partim
1822 2225 1858 2247 ex
1888 2213 1952 2247 illis

1211 2270 1264 2313 qui
1292 2275 1362 2302 actu
1389 2270 1492 2303 dictae
1518 2269 1710 2302 Academiae
1733 2267 1884 2311 adscripti
1906 2277 1955 2300 re-

1211 2323 1403 2367 periuntur,
1429 2324 1548 2366 partim
1574 2323 1668 2356 exiis
1695 2322 1748 2365 qut
1775 2321 1879 2354 eidem
1899 2321 1954 2354 ad-

1211 2376 1310 2409 scribi
1336 2377 1491 2420 cupiunt,
1519 2375 1631 2418 viginti
1657 2385 1820 2418 pauperes
1851 2374 1954 2407 eccle-

1210 2430 1354 2469 siastici,
1382 2430 1435 2473 qui
1470 2430 1580 2462 saltem
1607 2439 1666 2472 per
1702 2427 1952 2471 quadriennium

1211 2494 1321 2516 sacrae
1339 2483 1523 2526 theologiae
1543 2482 1669 2516 assidue
1688 2481 1879 2520 studuerint,
1895 2491 1953 2524 per

1210 2537 1415 2570 venerabiles
1437 2537 1553 2569 fratres
1579 2540 1706 2569 nostros
1731 2534 1763 2567 S.
1784 2534 1818 2567 R.
1836 2534 1870 2567 E.
1888 2544 1954 2568 car-

1212 2590 1337 2623 dinales
1378 2590 1479 2633 ipsius
1518 2589 1708 2622 Academiae
1746 2593 1952 2631 protectores

1247 2653 1257 2679 1
1282 2651 1392 2680 Videtur
1411 2650 1559 2687 legendum
1580 2650 1770 2685 adiunqimus
1790 2650 1831 2686 (n.
1848 2650 1899 2686 T.).
