2170 3147
228 234 276 260 An.
293 233 321 260 e.
344 232 412 261 1728
459 224 522 257 718

248 1625 352 1645 Balneum
372 1629 418 1643 cuni

235 1655 278 1672 tuto
294 1657 360 1674 agio,
375 1657 418 1670 suis

235 1679 337 1699 tuuitntvus
350 1677 419 1697 turmi-

234 1708 290 1727 natov
300 1704 350 1725 Sem
367 1709 419 1729 apo-

235 1733 323 1752 stoticae
332 1731 418 1751 subuni-

235 1761 275 1779 tur.

422 283 543 315 aliusve
570 282 731 325 superior,
759 291 888 314 necnon
913 281 1028 313 fratres
1053 281 1166 314 domus

424 336 599 378 praefatae,
625 345 710 367 nunc
728 339 759 367 et
778 344 835 378 pro
856 340 1002 378 tempore
1029 333 1168 366 existen-

424 396 484 427 tes,
501 389 563 421 iltis
588 388 738 421 omnibus
764 394 796 420 et
821 388 957 431 singulis
978 387 1167 430 privilegiis,

423 443 546 485 gratiis,
572 442 845 482 immunitatibus,
864 442 1040 480 favoribus,
1064 451 1168 473 exem-

423 496 599 538 ptionibus,
627 496 832 528 libertatibus
866 506 902 528 ac
935 493 1166 527 iurisdictioni-

422 549 491 588 bus,
511 555 551 590 et,
570 548 676 592 quoad
695 548 842 591 priorem
861 548 1000 580 aliumve
1020 546 1168 589 superio-

422 611 490 634 rem
506 601 686 645 praefatum
703 601 807 633 dictae
823 601 946 640 domus,
962 599 1057 632 etiam
1077 598 1167 642 quasi

424 654 624 698 episcopali¹‚
656 659 687 686 et
723 652 1011 697 praeeminemus,
1051 652 1168 695 quibus

423 713 518 740 antea
535 707 684 740 canonici
709 708 887 749 regulares,
908 716 945 739 ac
963 705 1081 738 deinde
1100 714 1170 736 rno-

423 761 539 801 nachi,
568 766 600 793 et
619 766 735 804 postea
756 759 934 803 capitulum
960 763 993 791 et
1018 757 1167 790 canonici

423 815 578 858 praefati,
603 820 677 847 ante
701 814 814 847 t'actain
842 813 945 846 dictae
972 811 1169 856 parochialis

425 869 583 902 ecclesiae
609 868 720 901 Ordini
750 868 884 900 fratrum
906 866 1169 899 Praedicatoruni

426 921 611 954 huiusmodi
648 921 801 953 unionem
839 920 1027 964 praefatam,
1055 925 1085 952 et
1115 929 1171 961 po-

424 980 545 1008 stremo
564 974 655 1018 prior
676 974 780 1006 dictae
807 973 921 1006 domus
939 983 997 1016 pro
1024 978 1171 1015 tempore

426 1028 567 1061 existens
599 1027 764 1071 praefatus
780 1054 787 1066 ,
811 1032 884 1059 ante
911 1026 1074 1069 praefatas
1099 1025 1171 1058 lites

426 1086 543 1121 motas,
561 1086 695 1113 eatenus
714 1080 778 1120 usi,
797 1079 890 1122 potiti
917 1084 950 1112 et
975 1078 1076 1121 gavisi
1104 1078 1172 1111 sue-

427 1141 511 1175 runt,
531 1135 562 1167 in
579 1140 747 1177 posterum
765 1133 989 1177 parit'ormiter
1014 1138 1046 1165 et
1067 1142 1171 1174 aeque

426 1188 664 1231 principaliter,
690 1198 724 1220 ac
750 1187 819 1220 sine
845 1187 908 1220 ulla
934 1196 1070 1229 prorsus
1088 1184 1174 1218 ditl'e-

427 1242 531 1274 rentia
557 1242 588 1274 in
615 1241 766 1274 omnibus
791 1245 822 1273 et
848 1250 907 1283 per
932 1240 1050 1279 omnia,
1078 1241 1173 1271 etiam

427 1295 532 1338 quoad
559 1294 749 1328 exercitium
775 1293 1012 1326 iurisdictionis
1046 1292 1175 1325 ordina-

427 1350 494 1382 riae
521 1354 552 1382 et
577 1348 668 1392 quasi
703 1347 910 1391 episcopalis,
935 1346 991 1387 uti,
1019 1346 1094 1385 frui,
1121 1356 1175 1390 po-

429 1402 481 1435 tiri
512 1407 543 1435 et
576 1402 716 1444 gaudere
748 1400 877 1444 possint
909 1405 941 1433 et
970 1400 1108 1438 valeant,
1139 1409 1175 1431 ac

429 1455 525 1489 ctiam
569 1455 720 1494 debeant,
763 1454 942 1498 apostolica
982 1453 1175 1486 auctoritate

429 1509 595 1552 praedicta
621 1508 717 1541 etiam
737 1513 897 1551 perpetuo
917 1506 1123 1539 decernimus
1146 1511 1176 1538 et

431 1563 636 1596 declaramus
661 1566 757 1605 atque
782 1561 1002 1603 indulgemus.

475 1615 489 1658 ξ
515 1615 547 1647 6.
575 1615 612 1647 Et
637 1614 786 1657 insuper,
814 1619 973 1657 quatenus
1006 1623 1087 1656 opus
1125 1613 1176 1651 sit,

431 1674 465 1700 ut
490 1669 581 1702 novis
608 1668 719 1701 litibus
755 1674 851 1710 atque
884 1666 1071 1705 discordiis,
1096 1677 1177 1709 quae

429 1722 461 1754 in
480 1727 660 1765 posterum,
680 1726 789 1753 satore
810 1720 1005 1752 zizaniarum
1025 1720 1177 1762 pacisque

429 1774 561 1807 inimico
588 1779 799 1817 procurante,
836 1773 984 1805 suscitari
1016 1773 1176 1811 valerent,

430 1828 479 1860 via
504 1827 634 1870 penitus
662 1833 692 1860 et
717 1826 851 1860 omuino
878 1826 1115 1869 praeclm‘latur,
1137 1825 1179 1856 di-

431 1887 513 1913 etam
541 1886 660 1913 terram
696 1879 886 1913 Balneariae
922 1879 1179 1921 universumque

432 1934 518 1967 illius
550 1933 750 1966 territorium
778 1932 909 1976 (quod,
936 1937 970 1963 ut
1005 1931 1178 1972 asseritur,

432 1998 448 2020 a
475 1987 614 2020 dioecesi
642 1986 801 2019 llliletensi
828 1985 989 2019 orientem
1006 1995 1123 2018 versus
1148 1985 1179 2016 in

433 2040 597 2073 montibus
623 2040 670 2072 via
696 2039 839 2083 publica,
859 2049 894 2071 ac
920 2038 1179 2082 septentrionem

434 2104 545 2126 versus
565 2094 596 2126 in
618 2092 803 2126 confinibus
829 2092 1028 2135 oppidorum
1053 2102 1107 2124 seu
1131 2101 1182 2123 ca—

435 2152 578 2180 strorum
603 2146 786 2179 palmarum
812 2151 843 2178 et
863 2144 1065 2178 Seminariae
1088 2145 1179 2177 alveo

436 2199 576 2232 tlun‘iinis
621 2199 780 2232 Grimoldi
816 2198 1018 2241 nuncupati,
1046 2208 1062 2229 a
1098 2197 1181 2229 dicta

437 2254 483 2285 via
501 2253 630 2296 publiea
651 2252 693 2285 ad
709 2262 797 2284 mare
813 2251 1038 2290 decui·rentis'²‚
1060 2262 1077 2283 a
1095 2251 1181 2283 dioc·
1201 2274 1202 2280 ,

436 2306 497 2339 cesi
526 2317 602 2339 vero
635 2305 835 2347 llliegincnsi
873 2304 1044 2337 meridiem
1071 2314 1180 2336 versus

437 2361 539 2392 altero
566 2360 662 2391 tluvio
690 2359 810 2391 rustico
826 2386 832 2398 ,
850 2359 915 2391 sive
942 2364 1106 2397 torrente,
1125 2364 1180 2390 aut.

438 2413 529 2450 rivo,
554 2423 570 2445 a
597 2414 740 2455 praelata
777 2413 827 2445 via
858 2413 989 2455 publica
1021 2412 1179 2445 montium

438 2465 534 2497 etiam
555 2466 592 2497 ad
614 2476 700 2497 marc
723 2466 896 2503 defluente,
920 2471 951 2497 et
975 2465 1178 2498 occidentem

438 2528 550 2550 versus
575 2518 665 2556 mari,
686 2518 875 2560 respective,
895 2518 1047 2551 dividitur
1065 2524 1096 2551 et
1118 2524 1180 2551 ter-

476 2591 484 2614 t
510 2588 579 2614 Edit.
599 2588 681 2614 Main.
699 2588 763 2622 legit
780 2589 865 2621 quast*
880 2588 1050 2622 episcopalis
1070 2595 1109 2622 (tt.
1128 2591 1179 2624 T.).

474 2633 489 2656 '2'
512 2632 582 2658 tivtit.
606 2631 683 2657 llain.
707 2631 768 2665 legit
792 2632 962 2659 ‹tvvm-rente
983 2633 1071 2665 (tur.)

1013 230 1196 256 DULLARIUM
1223 231 1380 256 ROMANUM

1212 281 1386 324 minatur),
1403 292 1439 314 ac
1457 282 1529 314 loca
1552 287 1583 314 et
1604 282 1693 314 villas
1716 281 1764 325 (si
1783 291 1864 324 qnae
1890 279 1954 313 sint

1212 334 1243 366 in
1271 335 1359 367 dicto
1388 335 1563 374 territorio,
1581 339 1612 367 et
1630 335 1716 367 intra
1743 334 1827 367 dieta
1852 332 1953 367 confi-

1212 387 1264 420 nia
1289 388 1477 427 existentia,
1498 393 1528 420 et
1547 388 1585 419 ab
1608 387 1653 420 eis
1673 387 1914 430 dependentia)
1935 397 1954 419 a

1212 440 1367 483 praefatis
1391 440 1553 473 Miletensi
1581 440 1695 482 (cuius
1720 440 1829 483 potius
1855 450 1953 482 quam

1211 494 1292 526 alius
1329 494 1583 536 cuiuscumque,
1621 493 1647 525 si
1679 498 1763 525 terra
1798 492 1953 535 illiusque

1214 547 1426 580 territorium¹
1442 547 1630 580 huiusmodi
1649 547 1688 579 ad
1707 546 1848 589 aliquam
1865 546 1955 579 dioe-

1213 601 1310 633 cesim
1335 601 1551 643 pertinerent,
1573 599 1762 639 existerent,
1779 604 1813 632 ut
1829 599 1954 642 pariter

1213 654 1401 697 asseritur),
1424 659 1454 687 et
1475 664 1491 686 a
1509 653 1710 696 lllleginensi
1728 652 1866 696 aliisque
1884 652 1955 695 qui-

1212 708 1413 750 buscumque
1441 707 1650 740 dioecesibus
1676 706 1788 749 (nullo
1806 704 1954 749 episcopi

1215 761 1388 794 lliletensis
1410 766 1440 794 et
1459 759 1697 803 archiepiscopi
1723 758 1954 803 Rheginensis,

1214 814 1415 857 aliorumque
1431 823 1710 857 quorumcumque
1726 812 1956 856 episcoporum

1216 873 1269 900 aut
1305 867 1632 910 archiepiscoporum
1673 868 1712 899 ad
1754 866 1817 899 hoe
1849 864 1957 908 requi-

1215 920 1277 953 sito
1300 921 1490 963 consensu),
1506 919 1590 952 dicta
1605 919 1793 952 auctoritate
1811 918 1958 952 similiter

1216 980 1374 1018 perpetuo
1400 983 1592 1016 separamus
1619 978 1650 1005 et
1675 972 1956 1012 dismemfflamus,

1216 1038 1252 1061 ao
1278 1034 1394 1060 terram
1433 1027 1585 1069 illiusque
1619 1026 1816 1060 territorium
1849 1026 1960 1059 huius-

1217 1081 1305 1114 modi
1332 1081 1378 1113 sie
1404 1086 1555 1124 separata
1574 1085 1606 1113 et
1624 1080 1863 1120 dismembrata,
1883 1090 1959 1113 nec-

1217 1144 1282 1167 non
1308 1133 1509 1177 praedictam
1542 1131 1763 1176 parochialem
1791 1133 1959 1166 ecclesiam

1218 1188 1363 1230 aliasque
1390 1186 1545 1219 ecclesias
1576 1191 1607 1219 et
1635 1187 1796 1229 capellas,
1825 1185 1851 1218 si
1877 1195 1960 1229 quae

1219 1241 1250 1273 in
1277 1242 1362 1274 terra
1393 1240 1546 1283 illiusque
1579 1239 1740 1272 territorio
1773 1239 1960 1272 huiusmodi

1218 1304 1304 1326 nunc
1330 1298 1451 1333 extant,
1479 1298 1510 1326 et
1534 1292 1566 1325 in
1593 1297 1756 1335 posterum
1782 1291 1959 1332 extiterint,

1218 1347 1414 1390 illarumque
1453 1352 1595 1379 rectores
1633 1351 1664 1379 et
1700 1346 1733 1378 in
1769 1345 1814 1378 eis
1838 1344 1962 1378 benefi-

1219 1400 1318 1434 ciatos
1345 1400 1488 1443 aliasque
1514 1410 1671 1443 personas
1697 1399 1776 1431 inibi
1802 1398 1963 1431 beneficia

1220 1455 1438 1488 ecclesiastica
1458 1454 1654 1493 obtinentes,
1674 1452 1829 1492 oratoria,
1850 1452 1964 1496 hospi-

1222 1508 1308 1548 talia,
1326 1508 1455 1551 aliaque
1474 1508 1545 1541 loca
1562 1507 1613 1550 pia
1634 1517 1873 1550 quaecumque,
1891 1505 1963 1538 uni-

1220 1572 1414 1605 versumque
1448 1562 1570 1594 clerum
1606 1566 1636 1594 et
1672 1561 1831 1603 populum
1857 1564 1963 1592 terrae

1222 1615 1372 1658 illiusque
1400 1614 1555 1647 territorii
1574 1613 1776 1653 huiusmodi,
1796 1623 1856 1656 per
1872 1622 1965 1656 prae-

1221 1673 1354 1707 sentes,
1381 1674 1414 1700 ut
1445 1668 1650 1710 praefertur,
1683 1671 1908 1709 separatorum
1932 1670 1965 1698 et

1222 1721 1551 1759 dismembratormn‚
1575 1721 1614 1752 ab
1641 1720 1727 1752 omni
1754 1725 1786 1752 et
1809 1729 1965 1762 quaeum-

1222 1785 1283 1816 (μω
1309 1773 1554 1812 iurisdictione,
1587 1773 1828 1816 superioritate‚
1855 1781 1966 1805 corre-

1223 1827 1339 1866 ctione,
1368 1826 1562 1865 visitatione‚
1586 1826 1746 1868 regimine
1773 1830 1804 1858 et
1829 1824 1966 1858 admini-

1223 1880 1379 1913 stratione
1399 1885 1460 1913 tam
1480 1879 1509 1911 in
1532 1879 1758 1922 spiritualibus
1775 1888 1870 1922 quam
1890 1883 1966 1910 tem-

1223 1933 1392 1976 poralibus
1429 1932 1672 1975 praedictorum
1714 1931 1894 1964 Miletensis
1935 1934 1968 1964 et

1224 1986 1443 2029 lllieginensis
1462 1990 1494 2018 et
1520 1986 1658 2018 aliorum
1686 1994 1966 2029 quorumcumque

1224 2040 1453 2082 episcoporun‘t
1483 2039 1689 2078 viciniorum,
1713 2048 1749 2071 ae
1774 2038 1812 2070 ab
1839 2037 1967 2071 exhibi-

1225 2093 1311 2125 tione
1333 2092 1531 2125 reverentiae
1551 2098 1582 2124 et
1600 2091 1818 2130 obedientiae,
1837 2101 1966 2123 necnon

1224 2147 1387 2179 solutione
1399 2155 1677 2189 quorumcumque
1693 2144 1808 2177 iuriam
1824 2143 1869 2177 eis
1881 2143 1968 2177 exhi-

1225 2200 1423 2239 bendorum,
1459 2199 1572 2231 cadom
1610 2198 1790 2241 apostolica
1827 2197 1968 2231 auctori-

1226 2259 1287 2285 tate
1308 2253 1403 2285 etiam
1422 2258 1578 2296 perpetuo
1605 2252 1775 2284 eximimus
1795 2256 1827 2284 et
1851 2251 1969 2284 libera-

1225 2317 1307 2347 mus,
1333 2317 1369 2339 ae
1394 2306 1489 2338 nohis
1508 2311 1538 2338 et
1556 2306 1659 2338 dictae
1682 2305 1757 2338 Sedi
1782 2304 1969 2337 immediate

1226 2360 1350 2403 pariter
1376 2364 1534 2402 perpetuo
1561 2358 1762 2399 sufficimus,
1783 2368 1820 2390 ac
1838 2357 1896 2390 sub
1917 2367 1970 2390 no-

1225 2415 1289 2445 stra
1316 2423 1352 2445 ac
1377 2413 1511 2445 Romani
1539 2411 1702 2444 Pontifieis
1727 2421 1786 2455 pro
1823 2416 1969 2454 tempore

1226 2466 1419 2505 existentis,
1444 2476 1480 2497 ac
1505 2465 1673 2497 beatorum
1710 2464 1794 2498 Petri
1823 2468 1854 2497 et
1878 2463 1968 2496 Pauli

1225 2520 1450 2562 apostolorum
1473 2519 1678 2561 protectione
1696 2517 1903 2560 suscipimus,
1932 2526 1969 2549 ac

1226 2572 1256 2604 iu
1280 2577 1446 2615 posterum
1466 2577 1586 2604 terram
1607 2571 1792 2614 praefatam,
1813 2569 1966 2612 illiusque

1264 2636 1270 2660 t
1296 2634 1361 2661 Malu
1383 2634 1434 2659 :ulit
1471 2633 1550 2659 itata.
1575 2633 1635 2667 tog-'u
1658 2632 1807 2660 (errcwrio
1827 2632 1865 2666 (nt
1882 2631 1930 2667 Ti).

1958 229 2008 257 An.
2028 229 2057 257 G.
2075 231 2138 261 1728
