2139 3142
794 299 887 323 INDEX
912 299 1113 323 RUBRICARUM

273 352 439 395 simplicia,
453 357 526 384 ante
543 355 645 385 tamen
665 352 840 384 solemnem
858 361 929 394 pro-

274 404 451 444 fessionem,
472 414 489 436 a
513 404 667 438 Societate
696 404 765 436 lesu
789 403 827 436 ab
851 403 929 436 eius-

274 457 344 490 dem
362 457 542 501 praeposito
559 457 700 500 generali
717 457 928 496 dimittuntur,

273 509 359 541 nulla
376 509 414 541 ab
432 510 541 542 ezldem
566 510 719 544 Societate
744 509 852 542 deberi
873 509 929 541 ali-

275 566 396 601 menta,
421 561 497 595 661.

181 614 340 648 CCXXIX.
368 614 581 648 Confirmatur
605 615 767 648 decretum
801 613 927 657 capituli

275 667 432 709 generalis
457 667 583 700 Ordinis
603 668 844 701 Carmelitarum
863 667 929 699 Dis-

274 720 488 752 calceatorum
507 747 514 760 ,
547 731 609 762 quo
645 730 832 763 responsum
858 724 925 759 est,

275 772 371 804 laicos
394 782 448 804 seu
473 783 659 814 conversos,
685 774 819 806 donatos
848 782 928 805 nun-

276 829 417 867 cupatOS,
438 825 578 856 eiusdem
596 825 732 866 Ordinis,
750 825 850 857 teneri
868 827 929 857 una

276 887 347 909 cum
385 876 540 919 religiosis
576 876 722 910 choristis
754 877 791 909 ad
825 877 931 909 omnia

275 929 460 962 humilitatis
491 928 604 968 officia,
637 940 708 962 cum
742 929 930 962 declaratio-

275 991 332 1022 ne,
360 981 437 1015 662.

188 1033 332 1068 CCXXX.
358 1034 554 1066 Damnantur
578 1039 607 1066 et
626 1034 837 1077 prohibentur
856 1033 930 1065 libri

279 1086 342 1119 duo
359 1086 474 1129 gallico
493 1087 643 1119 idiomate
668 1086 830 1129 impressi,
852 1085 928 1119 665.

191 1139 341 1173 ccxxxl.
366 1139 572 1183 Applicantur
604 1145 634 1172 et
662 1139 814 1172 uniuntur
839 1139 932 1182 capi—

278 1192 342 1225 tula
355 1192 508 1235 quaedam
527 1192 698 1225 seminario
711 1191 848 1224 Civitatis
865 1192 932 1224 Ple-

278 1245 341 1287 bis,
368 1244 443 1279 666.

191 1298 359 1332 CCXXXII.
385 1299 573 1331 Statuuntur
590 1304 619 1331 et
635 1297 835 1330 declarantur
858 1307 934 1331 non-

278 1351 366 1383 nulla
382 1361 441 1394 pro
454 1350 594 1383 unanimi
620 1351 793 1384 concordia
810 1361 934 1383 servan-

279 1403 318 1435 da
343 1403 426 1436 inter
450 1403 583 1435 familias
607 1403 821 1436 tertiariorum
847 1403 935 1436 Ordi-

278 1456 326 1488 nis
350 1456 517 1496 Minoram,
543 1455 619 1489 (³68.

189 1509 372 1544 CCXXXIII.
398 1509 584 1541 Decernitur
608 1508 699 1548 ratio,
717 1514 747 1541 et
766 1509 935 1553 prescribi-

277 1568 330 1595 tur
354 1562 432 1595 ordo
464 1562 675 1605 pertractandi
711 1568 740 1594 et
763 1562 932 1595 definiendi

278 1626 387 1648 causas
401 1615 628 1647 ecclesiasticas
646 1615 676 1647 in
694 1625 792 1658 regno
810 1615 933 1649 Siciliae

279 1669 362 1701 ultra
386 1668 541 1710 Pharum,
567 1668 642 1702 670.

191 1721 370 1756 CCXXXIV.
425 1721 636 1755 Confirmatur
687 1721 933 1755 instrumentum

279 1774 436 1818 quoddam
462 1775 730 1818 emphyteuticum
756 1786 850 1818 super
881 1776 935 1808 ab·

279 1828 365 1860 batia
389 1827 418 1860 S.
445 1827 613 1861 Clementis
638 1827 668 1859 in
694 1828 842 1868 PiscariQ
866 1829 934 1861 nul-

281 1880 341 1913 lius
365 1880 528 1920 dioecesis,
546 1880 726 1923 provinciae
750 1881 932 1921 Theatinae;

279 1932 363 1965 inter
398 1932 682 1964 eminentissimum
720 1938 749 1965 ct
782 1944 936 1966 reveren—

281 1984 445 2017 dissimum
478 1985 670 2017 cardinalem
696 1985 774 2029 Finy
803 1990 832 2019 et
857 1986 937 2019 Con-

282 2038 499 2080 gregationem
525 2038 782 2079 Caelestinorum,
810 2044 852 2075 et,
878 2050 936 2082 pro

281 2092 329 2130 ca,
346 2090 490 2123 abbatem
510 2096 539 2122 et
557 2091 728 2123 monachos
753 2092 935 2125 monasterii

280 2144 311 2177 S.
327 2143 462 2186 Spiritus
480 2143 517 2175 de
535 2143 683 2176 Murrone
700 2144 839 2177 eiusdem
855 2144 936 2178 Con-

281 2196 494 2238 grcgationis,
519 2196 711 2237 confectum,
738 2196 814 2230 675).

192 2249 357 2283 CCXXXV.
392 2248 611 2282 Subiiciuntur
643 2250 775 2282 tertiarii
809 2250 937 2283 Ordinis

280 2301 522 2335 Carmelitarum
555 2303 763 2336 iurisdictioni
797 2308 828 2335 et
852 2304 935 2346 regi-

282 2353 357 2386 mini
383 2354 524 2396 magistri
551 2356 705 2398 generalis
726 2355 864 2388 eiusdem
882 2356 937 2389 Or-

281 2406 381 2446 dinis,
407 2406 483 2440 696.

195 2458 379 2493 CCXXXVI.
417 2460 604 2493 Statuuntur
639 2466 669 2494 et
705 2461 936 2494 confirmantur

281 2512 433 2544 nonnulla
458 2513 563 2546 favore
587 2513 850 2557 Congregationis
874 2515 935 2547 fra-

281 2569 366 2596 trum
390 2564 692 2599 Betlilehemitarum
709 2567 740 2599 in
766 2566 861 2600 Indiis
886 2577 936 2600 oc-

282 2617 507 2658 cidentalibus,
531 2618 607 2652 696.

188 2669 389 2705 ‘CCXXXVIL
427 2671 612 2705 statuuntur
653 2672 804 2706 nonnulla
847 2678 934 2706 motu

1614 291 1678 324 925

1069 351 1202 395 proprio
1231 351 1260 383 in
1285 352 1480 394 gabellarum
1508 351 1722 393 fraudatores,

979 405 1189 491 CCXXlgllslll.
1202 456 1392 490 Prohibetur
1409 457 1598 502 monialibus
1613 457 1643 490 S.
1664 457 1724 490 Ra-

1069 509 1233 552 degundae
1243 509 1482 542 Mediolanensis
1496 509 1633 542 musicos
1650 520 1723 543 con-

1069 568 1178 594 centus
1218 561 1371 604 figuratos
1410 562 1441 593 in
1481 572 1538 593 usu
1578 561 1726 603 habere,

1073 613 1148 647 708.

955 695 956 699 ,
981 666 1158 700 CCXXXIX.
1193 667 1403 701 Confirmatur
1432 666 1581 700 iudicium
1607 667 1728 710 episco-

1069 720 1140 762 pale
1163 719 1262 752 Ticini
1287 720 1429 752 habitum
1451 719 1489 751 de
1506 729 1641 764 corpore
1658 729 1726 752 san-

1073 772 1113 805 cti
1139 772 1323 814 Augustini,
1348 771 1424 805 7210.

981 824 1087 857 CCXL.
1113 824 1276 856 Fratribus
1311 824 1435 857 Ordinis
1466 824 1725 857 Praedicatorum

1071 876 1246 909 iurisdictio
1271 876 1359 919 quasi
1391 876 1599 920 episcopalis,
1630 887 1725 920 quam

1071 929 1259 971 iampridem
1300 929 1488 961 exercebant
1522 929 1553 961 in
1589 929 1724 962 ecelesia

1070 981 1244 1024 parochiali
1270 981 1302 1013 B.
1319 981 1433 1013 Mariae
1458 986 1487 1013 et
1510 981 1555 1015 Ss.
1573 981 1628 1014 ΧΠ
1645 982 1726 1025 Apo-

1072 1033 1227 1066 stolorum
1252 1038 1355 1065 tcrrae
1371 1034 1562 1076 Balneariae,
1580 1034 1725 1067 concedi-

1073 1090 1138 1125 tur,
1165 1084 1238 1117 713.

985 1137 1108 1171 CCXLI.
1134 1138 1322 1171 Conceditur
1342 1137 1518 1171 iurisdictio
1538 1144 1568 1170 et
1585 1138 1727 1171 diversae

1073 1192 1234 1224 facultates
1250 1192 1409 1236 praefecto
1434 1192 1541 1235 palatii
1563 1192 1728 1236 apostolici

1074 1256 1134 1288 pro
1159 1251 1302 1288 tempore
1328 1244 1488 1286 existenti,
1515 1244 1589 1277 7023.

986 1296 1125 1331 CCXLll.
1153 1298 1357 1330 Dcclarantur
1380 1298 1464 1330 nulla
1482 1298 1635 1341 quaedam
1661 1302 1729 1332 acta

1073 1360 1130 1393 per
1154 1349 1286 1382 Ordines
1311 1350 1398 1392 regni
1415 1350 1561 1382 poloniae
1586 1356 1729 1383 emanata

1074 1403 1225 1436 adversus
1250 1404 1460 1436 Nunciaturae
1480 1403 1671 1446 apostolicae
1697 1403 1728 1436 in

1076 1467 1113 1489 eo
1139 1467 1236 1500 regno
1272 1456 1447 1489 libertatem
1480 1462 1509 1489 et
1541 1457 1728 1490 Pontificum

1077 1509 1316 1549 auctoritatem,
1342 1508 1414 1541 726.

987 1561 1138 1595 CCXLlll.
1166 1562 1371 1594 Declarantur
1391 1561 1545 1604 quaedam
1566 1561 1658 1594 allata
1675 1562 1730 1594 du-

1075 1615 1127 1647 bia
1152 1625 1248 1658 super
1269 1615 1490 1648 constitutione
1508 1616 1675 1648 Preliosus
1692 1616 1730 1648 ad

1076 1668 1214 1700 favorem
1232 1668 1364 1700 fratrum
1382 1668 1637 1701 praedicatorum
1656 1669 1731 1702 iam-

1077 1721 1199 1765 pridem
1227 1721 1357 1761 editam,
1386 1720 1460 1754 730.

989 1774 1137 1808 CCXLIV.
1166 1774 1277 1807 Unitur
1301 1774 1439 1806 officium
1465 1774 1660 1809 auditoratus
1679 1786 1732 1818 ge-

1076 1828 1192 1860 neralis
1211 1838 1375 1860 causarum
1401 1828 1667 1862 confidentialium
1689 1830 1733 1863 of-

1078 1881 1150 1913 ficio
1189 1891 1353 1913 causarum
1389 1880 1500 1914 Curiae
1534 1881 1731 1916 auditoratus

1078 1933 1235 1976 generalis
1252 1933 1400 1966 Camerac
1417 1934 1632 1977 Apostolicae‚
1651 1934 1726 1969 734.

989 1987 1123 2021 CCXLV.
1149 1987 1288 2029 Erigitur
1312 1986 1442 2029 insignis
1478 1987 1646 2030 collegiata
1669 1994 1732 2021 ter-

1079 2050 1130 2071 rae
1145 2039 1292 2071 Fabriani
1311 2039 1341 2071 in
1358 2039 1580 2082 cathedralem,
1593 2052 1628 2074 ac
1645 2046 1730 2075 terra

1078 2092 1238 2135 praedicta
1263 2092 1292 2123 in
1312 2091 1488 2133 civitatem,
1518 2093 1592 2126 741.

989 2146 1135 2180 CCXLvt.
1161 2145 1261 2178 Motus
1293 2145 1452 2188 proprius,
1477 2156 1539 2188 quo
1565 2151 1731 2181 revocatur

1078 2199 1158 2231 alius
1183 2203 1286 2230 motus
1311 2198 1461 2241 proprius
1481 2199 1621 2241 signatus
1645 2211 1661 2232 a
1686 2201 1730 2233 fa-

1080 2261 1186 2283 vorem
1206 2250 1333 2292 triginta
1347 2251 1542 2283 notariorum
1553 2250 1666 2285 Curiae
1676 2253 1731 2287 Ca-

1078 2304 1243 2347 pitolinae,
1270 2303 1343 2335 7202.

989 2357 1146 2390 CCXLVH.
1164 2356 1351 2389 Conceditur
1368 2356 1555 2389 coenobium
1578 2357 1728 2391 Carmeli-

1077 2416 1179 2442 tarum
1201 2409 1308 2452 oppidi
1327 2409 1508 2450 Medicinae,
1522 2410 1728 2444 Bononiensis

1075 2463 1244 2503 dioecesis,
1270 2462 1299 2494 in
1325 2462 1489 2505 grangiam
1514 2463 1644 2496 alterius
1668 2466 1730 2497 col-

1075 2515 1148 2557 legii
1174 2515 1412 2548 Gai-melitarum
1430 2516 1615 2549 eorumdem
1628 2517 1731 2551 Bono-

1075 2567 1144 2599 niae
1170 2567 1362 2607 instruendi,
1385 2567 1460 2601 745.

987 2619 1161 2654 CCXLVIII.
1179 2620 1333 2652 Eximitur
1357 2625 1441 2653 terra
1466 2620 1560 2664 vulgo
1581 2620 1730 2654 Vetralloe

1075 2683 1092 2704 a
1113 2672 1329 2706 iurisdictione
1358 2673 1513 2717 praesulis
1537 2673 1731 2717 gubernato-
