2170 3147
6 171 52 196 An·
71 168 98 194 C.
121 168 188 195 ¹725

778 166 972 190 Bsssssmcws
997 166 1052 190 xttt
1076 167 1124 190 PP-

196 214 409 247 restitutionis
450 214 480 245 in
522 214 703 255 integrum,
740 213 932 256 aperitionis
953 220 956 235 ¹
976 213 1081 256 genda
1105 223 1278 246 concessas
1303 221 1374 245 esse
1395 217 1426 244 et
1446 211 1534 250 fore,
1559 209 1669 253 sicque
1687 214 1718 242 et

195 267 270 304 oris,
296 266 494 299 reductionis
521 266 559 298 ad
593 265 672 297 viam
709 272 740 298 et
777 266 932 298 terminos
953 254 956 307 ἶ
978 277 1040 298 nen
1067 265 1143 298 alias
1168 275 1227 308 per
1259 274 1480 307 quoscumque
1512 263 1636 295 iudices
1671 273 1718 295 or-

195 319 292 358 iuris,
318 323 371 351 aut
396 318 481 350 aliud
512 318 736 360 quodcumque
763 318 857 356 iuris,
885 319 932 350 vel
954 315 956 365 ζ

195 371 278 411 faeti,
301 377 355 403 aut
372 370 506 413 gratiae,
524 372 574 403 vel
593 369 734 402 iustitiae
755 369 932 402 remedium
954 367 956 389 ἶ

955 454 956 460 ,
976 422 1006 453 S.
1030 421 1065 453 R.
1085 421 1119 453 E.
1146 421 1347 460 cardinales,
1375 420 1470 452 etiam
1493 421 1531 453 de
1555 421 1656 453 latere
1672 421 1718 452 le-

977 479 1080 516 gatos,
1104 474 1309 516 vicelegatos,
1329 473 1433 506 dictae
1451 472 1543 506 Sedis
1570 472 1716 512 nuncios,

196 534 270 561 nato
295 528 339 560 uti
364 539 419 561 seu
451 539 484 561 se
510 526 645 560 iuvare¹
669 527 700 560 in
734 526 851 559 iudicio
881 527 932 559 vel
954 546 955 551 =

194 422 374 466 impetrari,
393 433 446 455 seu
467 422 714 465 quomodolibet
732 422 826 453 etiam
846 426 933 453 motu

195 475 291 508 simili
316 485 468 508 concesso
494 475 541 507 vel
568 475 738 518 impetrato
764 479 818 506 aut
848 484 934 506 ema-

197 586 286 613 extra
303 590 408 624 posse,
434 591 538 623 neque
559 580 644 622 ipsas
662 584 853 623 praesentes
873 578 933 611 sub

197 632 361 676 quibusvis
385 632 538 664 similium
556 633 603 664 vel
630 631 837 664 dissimilium
863 641 933 672 gra-

197 685 313 718 tiarum
338 685 619 724 revocationibus,
644 683 931 727 suspensionibus,

197 738 460 777 liinitationibus,
494 737 812 776 modificationibus,
839 737 933 769 dero-

197 790 402 831 parionibus,
429 789 564 832 aliisque
591 789 763 822 contrariis
794 789 934 832 disposi-

197 843 357 882 tionibus,
383 842 477 876 etiam
502 853 560 886 per
585 853 643 875 nos
668 848 699 875 et
729 852 933 875 successores

196 901 323 929 nostros
343 895 506 928 Romanos
523 895 692 928 Pontifices
710 905 768 937 pro
788 899 933 937 tempore

197 948 372 980 existentes
397 953 429 980 et
452 947 566 980 Sedem
592 947 814 990 Apostolicam
841 957 935 989 prae-

196 1000 322 1040 dictam,
350 999 446 1033 etiam
471 1005 568 1039 motu,
588 999 722 1032 seientia
748 1002 779 1032 et
794 1004 936 1042 potesta-

197 1052 236 1085 tis
253 1051 454 1095 plenitudine
472 1051 639 1092 similibus,
661 1051 756 1084 etiam
778 1051 935 1084 consisto-

195 1105 327 1145 rialiter,
346 1110 378 1138 et
403 1116 438 1138 ex
465 1105 665 1148 quibuslibet
689 1105 802 1145 causis,
820 1110 851 1138 et
875 1105 934 1137 sub

196 1158 360 1201 quibusvis
379 1158 552 1192 verborum
572 1158 740 1191 tenoribus
761 1163 793 1191 et
811 1158 931 1198 formis,

197 1223 232 1243 ac
257 1222 330 1244 cum
356 1211 522 1255 quibusvis
548 1211 699 1245 clausulis
725 1217 756 1244 et
779 1212 932 1251 decretis,

197 1265 323 1298 etiamsi
348 1264 380 1296 in
406 1264 451 1297 eis
481 1265 520 1298 de
555 1264 677 1298 eisdem
709 1264 934 1308 praesentibus

197 1327 373 1360 earumque
400 1322 466 1350 toto
493 1323 603 1351 tenore
629 1328 664 1350 ac
690 1318 761 1351 data
786 1317 934 1360 specialis

197 1370 317 1403 mentio
344 1369 409 1410 fiat,
433 1381 492 1413 pro
512 1375 659 1413 tempore
685 1370 774 1403 sactis
800 1376 831 1403 et
858 1380 935 1403 con-

197 1422 307 1462 cessis,
327 1433 363 1456 ae
384 1422 542 1456 faciendis
570 1428 599 1456 et
620 1423 851 1462 concedendis,
872 1422 934 1455 nisi

197 1475 413 1519 capitulorum
445 1481 476 1508 et
508 1476 740 1508 canonicorum
776 1476 937 1519 praefata-

198 1541 266 1562 rum
293 1529 503 1562 ecclesiarum
530 1529 774 1562 Terracinensis
800 1534 831 1561 et
856 1528 936 1561 Seti-

197 1593 258 1615 nae
295 1587 349 1614 aut
384 1592 660 1625 quarumcumque
694 1582 826 1614 aliarum
861 1591 935 1625 per-

196 1645 347 1668 sonarum
374 1636 411 1667 ad
438 1636 468 1668 id
490 1635 646 1668 interesse
672 1635 860 1668 habentium
879 1646 934 1668 seu

198 1689 318 1721 habere
356 1688 637 1731 praetendentium
676 1699 846 1732 expressus
884 1699 936 1721 ac-

197 1741 329 1774 cesserit
346 1750 503 1781 assensuS,
520 1741 763 1784 comprehendi,
779 1741 848 1782 scd,
864 1747 937 1774 tam·
956 1736 959 1741 ’

199 1804 296 1837 quam
320 1794 359 1826 ad
386 1794 488 1827 maius
521 1794 617 1826 divini
652 1796 756 1827 cultus
784 1805 937 1837 augmen-

199 1855 282 1888 tum,
317 1858 598 1892 personarumque
639 1848 936 1881 ecclesiasticartuu

198 1912 309 1945 pacem
335 1907 365 1934 et
383 1902 660 1945 tranquillitatem,
686 1901 937 1945 uberioremque

199 1955 294 1988 etiam
320 1955 475 1988 laicorum
509 1955 711 1998 spiritualem
745 1956 937 1988 consolatio-

200 2018 273 2040 nem
300 2013 331 2041 et
356 2007 528 2039 utilitatem
555 2008 733 2047 tendentes,
759 2018 887 2050 semper
906 2014 937 2040 ct

199 2062 308 2095 omino
332 2061 372 2093 ab
391 2060 454 2094 illis
473 2066 634 2104 exceptas,
652 2066 696 2101 et,
716 2062 845 2104 quoties
865 2062 937 2094 illac

200 2114 417 2153 emanabunt,
443 2114 538 2146 toties
571 2113 602 2145 in
629 2114 803 2156 pristinum
831 2119 861 2146 ct
887 2125 938 2147 va-

200 2167 393 2200 lidissimum
426 2177 461 2199 ac
490 2176 561 2199 eum
594 2167 624 2199 in
654 2178 716 2210 quo
742 2173 836 2199 antea
862 2178 938 2210 quo-

200 2220 376 2254 modolibet
408 2224 500 2252 erunt
531 2225 648 2252 statum
683 2220 866 2259 restitutas,
895 2230 939 2253 rc-

200 2273 336 2317 positas,
362 2278 393 2305 et
417 2273 561 2315 plenarie
588 2273 815 2315 reintegratus,
839 2284 873 2305 ac
900 2273 938 2305 de

200 2338 280 2360 novo
307 2326 402 2359 etiam
439 2325 499 2357 sub
532 2336 733 2369 quacumque
766 2326 938 2368 posteriori

201 2381 272 2412 ‹latz't
298 2390 355 2423 per
380 2390 438 2422 pro
464 2384 610 2422 tempore
642 2380 819 2412 existentes
856 2380 940 2422 capi-

201 2435 302 2467 tulum
329 2437 361 2466 et
385 2432 556 2465 canonicos
593 2432 698 2465 dictae
731 2432 861 2466 maioris
888 2444 938 2465 cc-

978 317 1120 350 dinarios
1150 322 1179 350 et
1209 317 1387 359 delegatos,
1419 316 1514 348 etiam
1547 325 1717 348 causarum

977 369 1086 412 palatii
1109 368 1280 412 apostolici
1302 369 1480 407 auditores,
1499 380 1535 401 ac
1551 368 1717 412 praefatae

977 538 1012 558 ac
1038 526 1114 558 alias
1134 525 1382 568 quomodolibet
1399 525 1510 568 quavis
1529 525 1717 558 auctoritate

978 584 1151 620 potestate,
1171 577 1398 620 praerogativa
1413 583 1444 610 et
1459 577 1631 621 privilegio
1648 577 1718 609 fun-

977 635 1099 673 gentes,
1127 641 1162 663 ac
1188 631 1310 663 honore
1337 635 1367 662 et
1385 629 1645 672 praeeminentia
1663 630 1718 664 ful-

977 689 1107 726 gentes,
1134 683 1261 716 sublata
1296 683 1340 715 eis
1378 689 1408 716 et
1439 693 1552 716 eorum
1585 683 1720 716 cuilibet

977 736 1089 779 quavis
1112 736 1206 769 aliter
1231 735 1395 768 iudicandi
1423 740 1453 768 et
1480 735 1719 778 interpretandi

978 790 1129 822 facultate
1156 794 1187 822 et
1215 789 1424 828 auctoritate,
1453 788 1485 820 in
1512 798 1720 831 quocumque

978 842 1098 874 iudicio
1124 847 1155 874 et
1181 851 1383 884 quacumque
1406 840 1557 873 instantis}
1583 839 1719 873 iudicari

978 899 1008 926 et
1033 893 1159 927 definiri
1194 894 1339 933 debere,
1369 898 1419 932 et,
1446 892 1470 924 si
1497 902 1590 925 secus
1622 902 1721 934 super

979 946 1029 979 his
1044 957 1060 978 a
1079 957 1253 990 quoquam,
1269 946 1382 989 quavis
1401 945 1602 983 auctoritate,
1621 944 1721 978 scien-

980 1004 1027 1031 ter
1048 1001 1095 1032 vel
1122 999 1322 1041 ignoranter,
1348 997 1521 1039 contigerit
1547 997 1718 1037 attentari,

979 1052 1103 1084 irritum
1130 1057 1161 1084 et
1186 1052 1284 1084 inane
1311 1051 1531 1084 decernimus.

1023 1106 1036 1149 g
1062 1105 1090 1138 6.
1116 1104 1185 1138 Non
1218 1104 1434 1143 obstantibus,
1457 1109 1617 1146 quatenus
1641 1114 1721 1147 opus

979 1158 1041 1197 sit,
1068 1158 1187 1190 nostris
1214 1163 1242 1190 et
1270 1156 1488 1190 Cancellariae
1514 1157 1721 1200 Apostolicae

980 1211 1018 1243 de
1046 1211 1114 1243 iure
1145 1210 1291 1254 quaesito
1328 1220 1393 1242 non
1431 1209 1576 1242 tollendo
1614 1214 1644 1242 et
1680 1209 1720 1242 de

980 1264 1154 1296 unionibus
1179 1263 1218 1296 ad
1244 1268 1352 1306 partes
1377 1262 1618 1295 committendis
1635 1289 1642 1302 ,
1669 1273 1721 1295 vo-

979 1317 1059 1349 catis
1086 1327 1221 1360 quorum
1247 1317 1400 1355 interest,
1427 1315 1563 1358 aliisque
1591 1315 1621 1347 in
1645 1326 1721 1348 cou-

982 1371 1112 1403 trarium
1138 1370 1391 1413 praemissorum
1418 1369 1668 1412 quomodolibet
1688 1380 1720 1402 e-

981 1424 1055 1456 ditis
1088 1429 1118 1456 et
1149 1423 1284 1456 edendis
1310 1423 1430 1465 regulis
1449 1449 1456 1462 ‚
1482 1421 1618 1465 aliisque
1652 1422 1723 1465 qui-

981 1477 1097 1516 busvis,
1123 1476 1218 1509 etiam
1240 1476 1272 1508 in
1299 1475 1518 1519 synodalibus,
1541 1474 1721 1517 provincia-

981 1531 1066 1563 libus
1103 1535 1135 1562 et
1167 1529 1407 1562 universalibus
1432 1527 1581 1561 conciliis
1624 1528 1719 1561 editis

981 1588 1011 1615 et
1036 1582 1183 1621 edendis,
1207 1581 1402 1624 specialibus
1428 1581 1476 1613 vel
1499 1580 1720 1623 generalibus,

980 1635 1272 1668 constitutionibus
1292 1639 1324 1667 et
1352 1633 1619 1667 ordinationibus
1645 1643 1721 1677 apo-

980 1689 1113 1728 stolicis,
1129 1689 1351 1731 dictarumque
1371 1687 1584 1720 ecclesiarum
1609 1686 1721 1720 Terra-

981 1742 1133 1782 cinensis,
1157 1741 1286 1774 Setiuae
1313 1746 1344 1774 et
1368 1739 1603 1779 Privcrnensis,
1624 1740 1721 1773 etiam

982 1796 1177 1834 iuramento,
1196 1793 1442 1827 confirmatione
1461 1792 1652 1836 apostolica,
1672 1793 1721 1826 vel

982 1850 1093 1892 quavis
1119 1848 1271 1881 firmitate
1297 1847 1359 1880 aliti
1384 1846 1556 1886 roboratis,
1581 1846 1722 1887 statutis,

981 1912 1159 1945 eorumque
1177 1900 1462 1934 reformationibus
1478 1904 1508 1933 et
1522 1899 1613 1932 novis
1632 1900 1722 1933 addi-

983 1956 1139 1995 tionibus,
1159 1954 1268 1998 stylis,
1287 1953 1398 1987 usibus
1425 1958 1457 1986 et
1477 1953 1722 1986 consuetudini-

981 2010 1060 2049 bus,
1079 2009 1174 2042 etiam
1193 2006 1522 2046 immemorabilibus,
1543 2006 1722 2049 privilegiis

981 2072 1131 2106 quoque,
1155 2060 1287 2093 indultis
1313 2065 1343 2092 et
1368 2059 1484 2092 litteris
1510 2058 1697 2102 apostolicis
1713 2085 1721 2099 ,

983 2115 1047 2147 illis
1073 2124 1250 2156 corumque
1278 2111 1427 2155 personis
1444 2122 1479 2144 ac
1499 2111 1579 2144 locis
1596 2110 1723 2154 quibus-

983 2179 1136 2211 cumque,
1163 2167 1258 2200 etiam
1284 2166 1433 2210 specifica
1458 2170 1489 2198 et
1514 2166 1666 2208 expressa
1687 2174 1724 2198 ac

983 2220 1149 2253 individua
1174 2218 1338 2251 mentione
1364 2218 1481 2261 dignis,
1508 2218 1566 2250 sub
1593 2217 1724 2260 quibus-

983 2284 1119 2316 cumque
1157 2272 1325 2305 tenoribus
1360 2277 1391 2304 et
1428 2271 1555 2310 formis,
1582 2281 1619 2303 ac
1653 2281 1725 2303 cum

983 2326 1146 2369 quibusvis
1172 2326 1268 2358 etiam
1295 2324 1579 2367 derogatoriarum,
1592 2324 1726 2367 deroga-

984 2379 1089 2419 toriis,
1127 2379 1264 2421 aliisque
1290 2377 1539 2417 efficacioribus,
1576 2377 1727 2410 efficacis-

983 2432 1070 2465 simis
1095 2438 1127 2464 et
1152 2431 1292 2464 insolitis
1317 2431 1482 2470 clausulis,
1508 2430 1726 2463 irritantibus-

201 2485 316 2519 clesiae
342 2485 563 2519 Priverncnsis
590 2485 857 2528 quandocumque
884 2485 939 2519 eli·
983 2496 1046 2529 que
1072 2491 1103 2518 et
1128 2485 1200 2517 aliis
1227 2484 1386 2524 decretis,
1410 2484 1442 2516 in
1469 2493 1591 2527 genere
1615 2484 1666 2516 vel
1690 2483 1724 2515 in

238 2551 247 2575 1
271 2547 352 2575 Deest
372 2555 419 2574 vox
439 2556 618 2582 quemquam
640 2548 676 2582 (ti.
693 2550 744 2581 τ.).

320 2602 397 2629 Ball.
414 2601 497 2630 Rom.
515 2617 541 2620 -r
565 2601 624 2626 Vol.
645 2601 734 2628 XXII.
880 2601 913 2628 34

984 2538 1111 2583 specie,
1140 2538 1235 2572 etiam
1253 2543 1339 2572 motu
1365 2537 1481 2579 simili,
1508 2546 1544 2570 ac
1569 2535 1726 2570 consisto-

1611 152 1674 186 5.)ϋῦ
1721 162 1768 188 An.
1792 161 1820 186 c.
1844 161 1910 187 17‘25

1762 1112 1914 1136 Dei-ngatoriae

1731 1140 1851 1165 specificae.
