<?xml version="1.0" encoding="UTF-8"?>
<!DOCTYPE html PUBLIC "-//W3C//DTD XHTML 1.0 Transitional//EN"
    "http://www.w3.org/TR/xhtml1/DTD/xhtml1-transitional.dtd">
<html xmlns="http://www.w3.org/1999/xhtml" xml:lang="en" lang="en">
 <head>
  <title>
</title>
<meta http-equiv="Content-Type" content="text/html;charset=utf-8" />
  <meta name='ocr-system' content='tesseract 3.04.00' />
  <meta name='ocr-capabilities' content='ocr_page ocr_carea ocr_par ocr_line ocrx_word'/>
</head>
<body>
  <div class='ocr_page' id='page_1' title='image "./bullarumdiplomat22cath_0697.png"; bbox 0 0 2170 3147; ppageno 0'>
   <div class='ocr_carea' id='block_1_1' title="bbox 0 185 167 214">
    <p class='ocr_par' dir='ltr' id='par_1_1' title="bbox 0 185 167 214">
     <span class='ocr_line' id='line_1_1' title="bbox 0 185 167 214; baseline -0.018 0"><span class='ocrx_word' id='word_1_1' title='bbox 0 195 33 214; x_wconf 68' lang='lat' dir='ltr'>in.</span> <span class='ocrx_word' id='word_1_2' title='bbox 54 186 82 213; x_wconf 79' lang='lat' dir='ltr'>C.</span> <span class='ocrx_word' id='word_1_3' title='bbox 101 185 167 212; x_wconf 71' lang='lat'><strong>¹728</strong></span> 
     </span>
    </p>
   </div>
   <div class='ocr_carea' id='block_1_2' title="bbox 750 184 1097 207">
    <p class='ocr_par' dir='ltr' id='par_1_2' title="bbox 750 184 1097 207">
     <span class='ocr_line' id='line_1_2' title="bbox 750 184 1097 207; baseline -0.003 0"><span class='ocrx_word' id='word_1_4' title='bbox 750 184 941 207; x_wconf 61' lang='lat' dir='ltr'>[menalus</span> <span class='ocrx_word' id='word_1_5' title='bbox 968 184 1024 207; x_wconf 75' lang='lat' dir='ltr'>Xlll</span> <span class='ocrx_word' id='word_1_6' title='bbox 1050 184 1097 207; x_wconf 81' lang='grc' dir='ltr'>ΓΡ.</span> 
     </span>
    </p>
   </div>
   <div class='ocr_carea' id='block_1_3' title="bbox 166 231 910 2430">
    <p class='ocr_par' dir='ltr' id='par_1_3' title="bbox 166 231 910 2430">
     <span class='ocr_line' id='line_1_3' title="bbox 176 231 910 276; baseline -0.004 -10"><span class='ocrx_word' id='word_1_7' title='bbox 176 244 256 276; x_wconf 88' lang='lat' dir='ltr'>pore</span> <span class='ocrx_word' id='word_1_8' title='bbox 293 233 493 272; x_wconf 81' lang='lat' dir='ltr'>existentes,</span> <span class='ocrx_word' id='word_1_9' title='bbox 521 234 574 276; x_wconf 87' lang='lat' dir='ltr'>qui</span> <span class='ocrx_word' id='word_1_10' title='bbox 612 234 694 266; x_wconf 90' lang='lat' dir='ltr'>inter</span> <span class='ocrx_word' id='word_1_11' title='bbox 731 231 910 265; x_wconf 73' lang='lat' dir='ltr'>Germanici</span> 
     </span>
     <span class='ocr_line' id='line_1_4' title="bbox 177 285 910 329; baseline -0.001 -11"><span class='ocrx_word' id='word_1_12' title='bbox 177 286 302 329; x_wconf 87' lang='lat' dir='ltr'>imperii</span> <span class='ocrx_word' id='word_1_13' title='bbox 329 285 495 328; x_wconf 77' lang='lat' dir='ltr'>principes</span> <span class='ocrx_word' id='word_1_14' title='bbox 531 296 594 318; x_wconf 91' lang='lat' dir='ltr'>non</span> <span class='ocrx_word' id='word_1_15' title='bbox 626 285 769 318; x_wconf 85' lang='lat' dir='ltr'>infimum</span> <span class='ocrx_word' id='word_1_16' title='bbox 804 286 910 318; x_wconf 85' lang='lat' dir='ltr'>locum</span> 
     </span>
     <span class='ocr_line' id='line_1_5' title="bbox 177 337 909 380; baseline -0.001 -10"><span class='ocrx_word' id='word_1_17' title='bbox 177 339 310 377; x_wconf 85' lang='lat' dir='ltr'>liabent,</span> <span class='ocrx_word' id='word_1_18' title='bbox 332 343 443 370; x_wconf 85' lang='lat' dir='ltr'>tenore</span> <span class='ocrx_word' id='word_1_19' title='bbox 469 338 688 380; x_wconf 81' lang='lat' dir='ltr'>praesentium</span> <span class='ocrx_word' id='word_1_20' title='bbox 705 337 737 369; x_wconf 93' lang='lat' dir='ltr'>in</span> <span class='ocrx_word' id='word_1_21' title='bbox 757 337 802 369; x_wconf 89' lang='lat' dir='ltr'>ius</span> <span class='ocrx_word' id='word_1_22' title='bbox 821 337 909 380; x_wconf 85' lang='lat' dir='ltr'>pallii</span> 
     </span>
     <span class='ocr_line' id='line_1_6' title="bbox 176 390 909 433; baseline -0.001 -10"><span class='ocrx_word' id='word_1_23' title='bbox 176 391 214 423; x_wconf 88' lang='lat' dir='ltr'>de</span> <span class='ocrx_word' id='word_1_24' title='bbox 239 401 378 433; x_wconf 85' lang='lat' dir='ltr'>corpore</span> <span class='ocrx_word' id='word_1_25' title='bbox 406 391 437 422; x_wconf 87' lang='lat' dir='ltr'>B.</span> <span class='ocrx_word' id='word_1_26' title='bbox 465 390 546 423; x_wconf 85' lang='lat' dir='ltr'>Petri</span> <span class='ocrx_word' id='word_1_27' title='bbox 573 390 730 429; x_wconf 84' lang='lat' dir='ltr'>sumendi,</span> <span class='ocrx_word' id='word_1_28' title='bbox 753 390 909 431; x_wconf 70' lang='lat' dir='ltr'>statisque</span> 
     </span>
     <span class='ocr_line' id='line_1_7' title="bbox 175 441 909 484; baseline -0.001 -9"><span class='ocrx_word' id='word_1_29' title='bbox 175 443 288 476; x_wconf 86' lang='lat' dir='ltr'>diebus</span> <span class='ocrx_word' id='word_1_30' title='bbox 307 449 336 475; x_wconf 88' lang='lat' dir='ltr'>ct</span> <span class='ocrx_word' id='word_1_31' title='bbox 355 443 432 476; x_wconf 86' lang='lat' dir='ltr'>locis</span> <span class='ocrx_word' id='word_1_32' title='bbox 447 443 634 481; x_wconf 85' lang='lat' dir='ltr'>adhibendi,</span> <span class='ocrx_word' id='word_1_33' title='bbox 651 448 682 474; x_wconf 87' lang='lat' dir='ltr'>et</span> <span class='ocrx_word' id='word_1_34' title='bbox 699 441 802 474; x_wconf 90' lang='lat' dir='ltr'>crucis</span> <span class='ocrx_word' id='word_1_35' title='bbox 821 452 909 484; x_wconf 88' lang='lat' dir='ltr'>prac-</span> 
     </span>
     <span class='ocr_line' id='line_1_8' title="bbox 174 494 908 538; baseline -0.001 -12"><span class='ocrx_word' id='word_1_36' title='bbox 174 495 242 528; x_wconf 87' lang='lat' dir='ltr'>viac</span> <span class='ocrx_word' id='word_1_37' title='bbox 261 495 421 535; x_wconf 85' lang='lat' dir='ltr'>serendae,</span> <span class='ocrx_word' id='word_1_38' title='bbox 442 495 558 538; x_wconf 89' lang='lat' dir='ltr'>quibus</span> <span class='ocrx_word' id='word_1_39' title='bbox 579 494 655 527; x_wconf 89' lang='lat' dir='ltr'>olim</span> <span class='ocrx_word' id='word_1_40' title='bbox 672 494 908 536; x_wconf 80' lang='lat' dir='ltr'>archiepiscopi</span> 
     </span>
     <span class='ocr_line' id='line_1_9' title="bbox 174 545 907 587; baseline -0.004 -8"><span class='ocrx_word' id='word_1_41' title='bbox 174 547 410 580; x_wconf 84' lang='lat' dir='ltr'>Laureacenses</span> <span class='ocrx_word' id='word_1_42' title='bbox 454 553 484 579; x_wconf 90' lang='lat' dir='ltr'>et</span> <span class='ocrx_word' id='word_1_43' title='bbox 525 546 728 578; x_wconf 84' lang='lat' dir='ltr'>l’atavicnscs</span> <span class='ocrx_word' id='word_1_44' title='bbox 764 545 907 587; x_wconf 78' lang='lat' dir='ltr'>episcopi</span> 
     </span>
     <span class='ocr_line' id='line_1_10' title="bbox 173 596 906 642; baseline -0.004 -10"><span class='ocrx_word' id='word_1_45' title='bbox 173 599 265 642; x_wconf 91' lang='lat' dir='ltr'>potiti</span> <span class='ocrx_word' id='word_1_46' title='bbox 292 600 429 638; x_wconf 78' lang='lat' dir='ltr'>suerunt,</span> <span class='ocrx_word' id='word_1_47' title='bbox 451 596 483 631; x_wconf 57' lang='lat' dir='ltr'>i‘n</span> <span class='ocrx_word' id='word_1_48' title='bbox 509 604 704 642; x_wconf 84' lang='lat' dir='ltr'>perpetuum</span> <span class='ocrx_word' id='word_1_49' title='bbox 730 598 906 640; x_wconf 82' lang='lat' dir='ltr'>apostolica</span> 
     </span>
     <span class='ocr_line' id='line_1_11' title="bbox 173 650 906 694; baseline -0.005 -10"><span class='ocrx_word' id='word_1_50' title='bbox 173 652 361 684; x_wconf 83' lang='lat' dir='ltr'>auctoritate</span> <span class='ocrx_word' id='word_1_51' title='bbox 394 652 590 694; x_wconf 76' lang='lat' dir='ltr'>integramus</span> <span class='ocrx_word' id='word_1_52' title='bbox 628 656 659 683; x_wconf 91' lang='lat' dir='ltr'>et</span> <span class='ocrx_word' id='word_1_53' title='bbox 684 650 881 683; x_wconf 71' lang='lat' dir='ltr'>restituimus</span> <span class='ocrx_word' id='word_1_54' title='bbox 899 677 906 689; x_wconf 98' lang='lat'>,</span> 
     </span>
     <span class='ocr_line' id='line_1_12' title="bbox 174 702 906 747; baseline -0.004 -10"><span class='ocrx_word' id='word_1_55' title='bbox 174 704 239 737; x_wconf 88' lang='lat' dir='ltr'>sive</span> <span class='ocrx_word' id='word_1_56' title='bbox 264 704 556 747; x_wconf 78' lang='lat' dir='ltr'>archiepiscopalia</span> <span class='ocrx_word' id='word_1_57' title='bbox 581 704 744 745; x_wconf 80' lang='lat' dir='ltr'>insignia,</span> <span class='ocrx_word' id='word_1_58' title='bbox 775 702 906 745; x_wconf 88' lang='lat' dir='ltr'>pallium</span> 
     </span>
     <span class='ocr_line' id='line_1_13' title="bbox 173 754 907 798; baseline -0.001 -10"><span class='ocrx_word' id='word_1_59' title='bbox 173 761 204 788; x_wconf 90' lang='lat' dir='ltr'>ct</span> <span class='ocrx_word' id='word_1_60' title='bbox 239 766 389 796; x_wconf 85' lang='lat' dir='ltr'>crucem,</span> <span class='ocrx_word' id='word_1_61' title='bbox 424 756 527 788; x_wconf 87' lang='lat' dir='ltr'>eidem</span> <span class='ocrx_word' id='word_1_62' title='bbox 566 756 704 798; x_wconf 80' lang='lat' dir='ltr'>Iosepho</span> <span class='ocrx_word' id='word_1_63' title='bbox 743 754 907 788; x_wconf 86' lang='lat' dir='ltr'>Dominico</span> 
     </span>
     <span class='ocr_line' id='line_1_14' title="bbox 173 806 906 851; baseline -0.001 -11"><span class='ocrx_word' id='word_1_64' title='bbox 173 808 327 851; x_wconf 87' lang='lat' dir='ltr'>episcopo</span> <span class='ocrx_word' id='word_1_65' title='bbox 345 808 477 850; x_wconf 84' lang='lat' dir='ltr'>eiusque</span> <span class='ocrx_word' id='word_1_66' title='bbox 492 808 735 841; x_wconf 80' lang='lat' dir='ltr'>successoribus</span> <span class='ocrx_word' id='word_1_67' title='bbox 750 808 856 840; x_wconf 88' lang='lat' dir='ltr'>denuo</span> <span class='ocrx_word' id='word_1_68' title='bbox 875 806 906 839; x_wconf 89' lang='lat' dir='ltr'>in</span> 
     </span>
     <span class='ocr_line' id='line_1_15' title="bbox 171 859 907 903; baseline -0.001 -11"><span class='ocrx_word' id='word_1_69' title='bbox 171 865 363 903; x_wconf 85' lang='lat' dir='ltr'>perpetuum</span> <span class='ocrx_word' id='word_1_70' title='bbox 396 860 605 892; x_wconf 80' lang='lat' dir='ltr'>concedimus</span> <span class='ocrx_word' id='word_1_71' title='bbox 638 865 734 902; x_wconf 85' lang='lat' dir='ltr'>atque</span> <span class='ocrx_word' id='word_1_72' title='bbox 760 859 907 901; x_wconf 75' lang='lat' dir='ltr'>indulge-</span> 
     </span>
     <span class='ocr_line' id='line_1_16' title="bbox 171 911 907 955; baseline -0.004 -9"><span class='ocrx_word' id='word_1_73' title='bbox 171 923 253 952; x_wconf 88' lang='lat' dir='ltr'>mus,</span> <span class='ocrx_word' id='word_1_74' title='bbox 272 913 351 945; x_wconf 88' lang='lat' dir='ltr'>itaut</span> <span class='ocrx_word' id='word_1_75' title='bbox 367 912 452 945; x_wconf 89' lang='lat' dir='ltr'>idem</span> <span class='ocrx_word' id='word_1_76' title='bbox 467 912 624 955; x_wconf 79' lang='lat' dir='ltr'>Iosephus</span> <span class='ocrx_word' id='word_1_77' title='bbox 642 911 825 944; x_wconf 88' lang='lat' dir='ltr'>Dominicus</span> <span class='ocrx_word' id='word_1_78' title='bbox 845 912 907 955; x_wconf 88' lang='lat' dir='ltr'>epi-</span> 
     </span>
     <span class='ocr_line' id='line_1_17' title="bbox 171 964 907 1007; baseline -0.003 -9"><span class='ocrx_word' id='word_1_79' title='bbox 171 975 286 1007; x_wconf 88' lang='lat' dir='ltr'>scopus</span> <span class='ocrx_word' id='word_1_80' title='bbox 308 970 339 997; x_wconf 88' lang='lat' dir='ltr'>et</span> <span class='ocrx_word' id='word_1_81' title='bbox 365 964 431 997; x_wconf 84' lang='lat' dir='ltr'>eius</span> <span class='ocrx_word' id='word_1_82' title='bbox 457 975 664 997; x_wconf 80' lang='lat' dir='ltr'>successores</span> <span class='ocrx_word' id='word_1_83' title='bbox 689 964 907 1006; x_wconf 87' lang='lat' dir='ltr'>archiepisco-</span> 
     </span>
     <span class='ocr_line' id='line_1_18' title="bbox 170 1017 904 1061; baseline -0.003 -11"><span class='ocrx_word' id='word_1_84' title='bbox 170 1018 289 1061; x_wconf 83' lang='lat' dir='ltr'>palium</span> <span class='ocrx_word' id='word_1_85' title='bbox 316 1017 500 1050; x_wconf 85' lang='lat' dir='ltr'>huiusmodi</span> <span class='ocrx_word' id='word_1_86' title='bbox 533 1017 709 1059; x_wconf 79' lang='lat' dir='ltr'>insignium</span> <span class='ocrx_word' id='word_1_87' title='bbox 734 1023 849 1050; x_wconf 87' lang='lat' dir='ltr'>ornatu</span> <span class='ocrx_word' id='word_1_88' title='bbox 875 1023 904 1049; x_wconf 92' lang='lat' dir='ltr'>et</span> 
     </span>
     <span class='ocr_line' id='line_1_19' title="bbox 170 1069 905 1113; baseline -0.003 -10"><span class='ocrx_word' id='word_1_89' title='bbox 170 1070 371 1113; x_wconf 78' lang='lat' dir='ltr'>plenitudine</span> <span class='ocrx_word' id='word_1_90' title='bbox 405 1070 507 1102; x_wconf 87' lang='lat' dir='ltr'>libere</span> <span class='ocrx_word' id='word_1_91' title='bbox 534 1075 566 1102; x_wconf 92' lang='lat' dir='ltr'>et</span> <span class='ocrx_word' id='word_1_92' title='bbox 590 1069 677 1102; x_wconf 88' lang='lat' dir='ltr'>licite</span> <span class='ocrx_word' id='word_1_93' title='bbox 702 1070 747 1101; x_wconf 92' lang='lat' dir='ltr'>uti</span> <span class='ocrx_word' id='word_1_94' title='bbox 779 1069 905 1112; x_wconf 85' lang='lat' dir='ltr'>possint</span> 
     </span>
     <span class='ocr_line' id='line_1_20' title="bbox 170 1122 906 1165; baseline -0.001 -10"><span class='ocrx_word' id='word_1_95' title='bbox 170 1129 201 1155; x_wconf 89' lang='lat' dir='ltr'>et</span> <span class='ocrx_word' id='word_1_96' title='bbox 229 1123 356 1155; x_wconf 84' lang='lat' dir='ltr'>valeant</span> <span class='ocrx_word' id='word_1_97' title='bbox 380 1132 418 1155; x_wconf 90' lang='lat' dir='ltr'>eo</span> <span class='ocrx_word' id='word_1_98' title='bbox 444 1122 540 1155; x_wconf 88' lang='lat' dir='ltr'>modo</span> <span class='ocrx_word' id='word_1_99' title='bbox 573 1132 638 1165; x_wconf 90' lang='lat' dir='ltr'>quo</span> <span class='ocrx_word' id='word_1_100' title='bbox 673 1122 850 1154; x_wconf 77' lang='lat' dir='ltr'>Ticinensis</span> <span class='ocrx_word' id='word_1_101' title='bbox 875 1127 906 1154; x_wconf 87' lang='lat' dir='ltr'>et</span> 
     </span>
     <span class='ocr_line' id='line_1_21' title="bbox 169 1175 905 1210; baseline -0.003 -1"><span class='ocrx_word' id='word_1_102' title='bbox 169 1176 341 1210; x_wconf 84' lang='lat' dir='ltr'>Laueensis</span> <span class='ocrx_word' id='word_1_103' title='bbox 360 1176 572 1209; x_wconf 84' lang='lat' dir='ltr'>ecclesiarum</span> <span class='ocrx_word' id='word_1_104' title='bbox 590 1176 750 1208; x_wconf 83' lang='lat' dir='ltr'>antistites</span> <span class='ocrx_word' id='word_1_105' title='bbox 767 1175 811 1207; x_wconf 92' lang='lat' dir='ltr'>uti</span> <span class='ocrx_word' id='word_1_106' title='bbox 833 1185 905 1208; x_wconf 91' lang='lat' dir='ltr'>con-</span> 
     </span>
     <span class='ocr_line' id='line_1_22' title="bbox 168 1229 903 1271; baseline -0.003 -9"><span class='ocrx_word' id='word_1_107' title='bbox 168 1235 355 1262; x_wconf 87' lang='lat' dir='ltr'>sueverunt.</span> <span class='ocrx_word' id='word_1_108' title='bbox 384 1229 431 1262; x_wconf 86' lang='lat' dir='ltr'>Ad</span> <span class='ocrx_word' id='word_1_109' title='bbox 456 1229 537 1262; x_wconf 86' lang='lat' dir='ltr'>haec</span> <span class='ocrx_word' id='word_1_110' title='bbox 562 1229 709 1262; x_wconf 88' lang='lat' dir='ltr'>eumdem</span> <span class='ocrx_word' id='word_1_111' title='bbox 728 1229 903 1271; x_wconf 88' lang='lat' dir='ltr'>losephum</span> 
     </span>
     <span class='ocr_line' id='line_1_23' title="bbox 168 1282 905 1325; baseline -0.001 -10"><span class='ocrx_word' id='word_1_112' title='bbox 168 1283 370 1316; x_wconf 88' lang='lat' dir='ltr'>Dominicum</span> <span class='ocrx_word' id='word_1_113' title='bbox 395 1282 592 1325; x_wconf 85' lang='lat' dir='ltr'>episcopum,</span> <span class='ocrx_word' id='word_1_114' title='bbox 619 1283 752 1325; x_wconf 88' lang='lat' dir='ltr'>eiusque</span> <span class='ocrx_word' id='word_1_115' title='bbox 777 1292 905 1315; x_wconf 87' lang='lat' dir='ltr'>succes-</span> 
     </span>
     <span class='ocr_line' id='line_1_24' title="bbox 169 1335 904 1377; baseline -0.003 -9"><span class='ocrx_word' id='word_1_116' title='bbox 169 1346 268 1376; x_wconf 83' lang='lat' dir='ltr'>sores,</span> <span class='ocrx_word' id='word_1_117' title='bbox 287 1343 319 1369; x_wconf 87' lang='lat' dir='ltr'>et</span> <span class='ocrx_word' id='word_1_118' title='bbox 342 1335 510 1370; x_wconf 86' lang='lat' dir='ltr'>eeclesiam</span> <span class='ocrx_word' id='word_1_119' title='bbox 537 1335 904 1377; x_wconf 74' lang='lat' dir='ltr'>pataviensem,-eapitu-</span> 
     </span>
     <span class='ocr_line' id='line_1_25' title="bbox 168 1388 903 1431; baseline 0 -11"><span class='ocrx_word' id='word_1_120' title='bbox 168 1389 231 1421; x_wconf 91' lang='lat' dir='ltr'>lum</span> <span class='ocrx_word' id='word_1_121' title='bbox 258 1393 288 1421; x_wconf 81' lang='lat' dir='ltr'>et</span> <span class='ocrx_word' id='word_1_122' title='bbox 313 1388 511 1426; x_wconf 83' lang='lat' dir='ltr'>canonicos,</span> <span class='ocrx_word' id='word_1_123' title='bbox 538 1393 700 1431; x_wconf 86' lang='lat' dir='ltr'>totamque</span> <span class='ocrx_word' id='word_1_124' title='bbox 727 1388 795 1420; x_wconf 89' lang='lat' dir='ltr'>eius</span> <span class='ocrx_word' id='word_1_125' title='bbox 820 1388 903 1420; x_wconf 90' lang='lat' dir='ltr'>dioe-</span> 
     </span>
     <span class='ocr_line' id='line_1_26' title="bbox 167 1442 903 1484; baseline -0.001 -10"><span class='ocrx_word' id='word_1_126' title='bbox 167 1442 278 1481; x_wconf 86' lang='lat' dir='ltr'>cesim,</span> <span class='ocrx_word' id='word_1_127' title='bbox 296 1442 415 1474; x_wconf 86' lang='lat' dir='ltr'>clerum</span> <span class='ocrx_word' id='word_1_128' title='bbox 442 1446 472 1473; x_wconf 83' lang='lat' dir='ltr'>et</span> <span class='ocrx_word' id='word_1_129' title='bbox 496 1442 661 1484; x_wconf 88' lang='lat' dir='ltr'>populum,</span> <span class='ocrx_word' id='word_1_130' title='bbox 680 1448 711 1474; x_wconf 90' lang='lat' dir='ltr'>et</span> <span class='ocrx_word' id='word_1_131' title='bbox 736 1451 903 1484; x_wconf 88' lang='lat' dir='ltr'>quascum-</span> 
     </span>
     <span class='ocr_line' id='line_1_27' title="bbox 168 1494 903 1538; baseline -0.001 -11"><span class='ocrx_word' id='word_1_132' title='bbox 168 1505 229 1538; x_wconf 89' lang='lat' dir='ltr'>que</span> <span class='ocrx_word' id='word_1_133' title='bbox 250 1495 468 1538; x_wconf 84' lang='lat' dir='ltr'>praelaturas,</span> <span class='ocrx_word' id='word_1_134' title='bbox 494 1494 686 1536; x_wconf 78' lang='lat' dir='ltr'>dignitates,</span> <span class='ocrx_word' id='word_1_135' title='bbox 711 1499 903 1536; x_wconf 79' lang='lat' dir='ltr'>personatus</span> 
     </span>
     <span class='ocr_line' id='line_1_28' title="bbox 168 1545 903 1586; baseline -0.003 -6"><span class='ocrx_word' id='word_1_136' title='bbox 168 1552 200 1580; x_wconf 86' lang='lat' dir='ltr'>et</span> <span class='ocrx_word' id='word_1_137' title='bbox 216 1546 329 1586; x_wconf 82' lang='lat' dir='ltr'>officia,</span> <span class='ocrx_word' id='word_1_138' title='bbox 346 1557 383 1579; x_wconf 89' lang='lat' dir='ltr'>ae</span> <span class='ocrx_word' id='word_1_139' title='bbox 408 1545 565 1579; x_wconf 78' lang='lat' dir='ltr'>beneficia</span> <span class='ocrx_word' id='word_1_140' title='bbox 583 1546 813 1586; x_wconf 82' lang='lat' dir='ltr'>ecclesiastica,</span> <span class='ocrx_word' id='word_1_141' title='bbox 831 1557 903 1579; x_wconf 88' lang='lat' dir='ltr'>cum</span> 
     </span>
     <span class='ocr_line' id='line_1_29' title="bbox 166 1599 902 1643; baseline 0 -12"><span class='ocrx_word' id='word_1_142' title='bbox 166 1600 242 1643; x_wconf 72' lang='lat' dir='ltr'>cura</span> <span class='ocrx_word' id='word_1_143' title='bbox 259 1605 290 1631; x_wconf 89' lang='lat' dir='ltr'>et</span> <span class='ocrx_word' id='word_1_144' title='bbox 307 1599 375 1631; x_wconf 88' lang='lat' dir='ltr'>sine</span> <span class='ocrx_word' id='word_1_145' title='bbox 389 1601 473 1637; x_wconf 77' lang='lat' dir='ltr'>cura,</span> <span class='ocrx_word' id='word_1_146' title='bbox 489 1604 520 1631; x_wconf 86' lang='lat' dir='ltr'>et</span> <span class='ocrx_word' id='word_1_147' title='bbox 539 1599 699 1641; x_wconf 79' lang='lat' dir='ltr'>regularia</span> <span class='ocrx_word' id='word_1_148' title='bbox 717 1599 902 1642; x_wconf 88' lang='lat' dir='ltr'>quorumvis</span> 
     </span>
     <span class='ocr_line' id='line_1_30' title="bbox 167 1650 903 1684; baseline 0 -1"><span class='ocrx_word' id='word_1_149' title='bbox 167 1650 322 1684; x_wconf 83' lang='lat' dir='ltr'>Ordinum</span> <span class='ocrx_word' id='word_1_150' title='bbox 358 1651 388 1682; x_wconf 90' lang='lat' dir='ltr'>in</span> <span class='ocrx_word' id='word_1_151' title='bbox 429 1650 555 1683; x_wconf 77' lang='lat' dir='ltr'>ciiitate</span> <span class='ocrx_word' id='word_1_152' title='bbox 582 1656 613 1683; x_wconf 87' lang='lat' dir='ltr'>et</span> <span class='ocrx_word' id='word_1_153' title='bbox 637 1651 777 1684; x_wconf 86' lang='lat' dir='ltr'>dioecesi</span> <span class='ocrx_word' id='word_1_154' title='bbox 815 1652 903 1684; x_wconf 77' lang='lat' dir='ltr'>l‘ata-</span> 
     </span>
     <span class='ocr_line' id='line_1_31' title="bbox 167 1703 902 1746; baseline 0.001 -10"><span class='ocrx_word' id='word_1_155' title='bbox 167 1704 266 1736; x_wconf 88' lang='lat' dir='ltr'>viensi</span> <span class='ocrx_word' id='word_1_156' title='bbox 283 1703 437 1742; x_wconf 83' lang='lat' dir='ltr'>instituta,</span> <span class='ocrx_word' id='word_1_157' title='bbox 457 1705 502 1736; x_wconf 70' lang='lat' dir='ltr'>vel</span> <span class='ocrx_word' id='word_1_158' title='bbox 519 1704 729 1746; x_wconf 87' lang='lat' dir='ltr'>inposterum</span> <span class='ocrx_word' id='word_1_159' title='bbox 749 1705 902 1737; x_wconf 84' lang='lat' dir='ltr'>canonice</span> 
     </span>
     <span class='ocr_line' id='line_1_32' title="bbox 167 1756 900 1798; baseline 0 -10"><span class='ocrx_word' id='word_1_160' title='bbox 167 1757 389 1795; x_wconf 76' lang='lat' dir='ltr'>instituenda,</span> <span class='ocrx_word' id='word_1_161' title='bbox 424 1756 675 1798; x_wconf 87' lang='lat' dir='ltr'>quibuscumque</span> <span class='ocrx_word' id='word_1_162' title='bbox 713 1756 900 1789; x_wconf 88' lang='lat' dir='ltr'>nominibus</span> 
     </span>
     <span class='ocr_line' id='line_1_33' title="bbox 167 1808 901 1849; baseline 0 -7"><span class='ocrx_word' id='word_1_163' title='bbox 167 1808 365 1849; x_wconf 82' lang='lat' dir='ltr'>cessantur¹,</span> <span class='ocrx_word' id='word_1_164' title='bbox 382 1810 520 1841; x_wconf 71' lang='lat' dir='ltr'>unacum</span> <span class='ocrx_word' id='word_1_165' title='bbox 534 1809 685 1842; x_wconf 87' lang='lat' dir='ltr'>omnibus</span> <span class='ocrx_word' id='word_1_166' title='bbox 700 1820 812 1842; x_wconf 87' lang='lat' dir='ltr'>eorum</span> <span class='ocrx_word' id='word_1_167' title='bbox 829 1810 901 1842; x_wconf 89' lang='lat' dir='ltr'>iuri-</span> 
     </span>
     <span class='ocr_line' id='line_1_34' title="bbox 167 1861 901 1905; baseline 0.003 -12"><span class='ocrx_word' id='word_1_168' title='bbox 167 1863 225 1894; x_wconf 87' lang='lat' dir='ltr'>bus</span> <span class='ocrx_word' id='word_1_169' title='bbox 251 1867 283 1894; x_wconf 90' lang='lat' dir='ltr'>et</span> <span class='ocrx_word' id='word_1_170' title='bbox 307 1861 521 1904; x_wconf 81' lang='lat' dir='ltr'>pertinentiis,</span> <span class='ocrx_word' id='word_1_171' title='bbox 543 1863 702 1905; x_wconf 88' lang='lat' dir='ltr'>bonisque</span> <span class='ocrx_word' id='word_1_172' title='bbox 728 1862 901 1895; x_wconf 79' lang='lat' dir='ltr'>mobilibus</span> 
     </span>
     <span class='ocr_line' id='line_1_35' title="bbox 169 1913 902 1958; baseline 0.004 -12"><span class='ocrx_word' id='word_1_173' title='bbox 169 1920 200 1947; x_wconf 91' lang='lat' dir='ltr'>et</span> <span class='ocrx_word' id='word_1_174' title='bbox 217 1913 449 1954; x_wconf 82' lang='lat' dir='ltr'>immobilibus,</span> <span class='ocrx_word' id='word_1_175' title='bbox 468 1924 548 1957; x_wconf 85' lang='lat' dir='ltr'>quae</span> <span class='ocrx_word' id='word_1_176' title='bbox 573 1925 659 1947; x_wconf 90' lang='lat' dir='ltr'>nunc</span> <span class='ocrx_word' id='word_1_177' title='bbox 679 1915 853 1958; x_wconf 85' lang='lat' dir='ltr'>possident,</span> <span class='ocrx_word' id='word_1_178' title='bbox 872 1921 902 1949; x_wconf 91' lang='lat' dir='ltr'>et</span> 
     </span>
     <span class='ocr_line' id='line_1_36' title="bbox 169 1965 902 2010; baseline 0.004 -13"><span class='ocrx_word' id='word_1_179' title='bbox 169 1965 337 2008; x_wconf 85' lang='lat' dir='ltr'>deinceps,</span> <span class='ocrx_word' id='word_1_180' title='bbox 365 1965 489 1998; x_wconf 84' lang='lat' dir='ltr'>favente</span> <span class='ocrx_word' id='word_1_181' title='bbox 514 1966 661 2006; x_wconf 90' lang='lat' dir='ltr'>Domino,</span> <span class='ocrx_word' id='word_1_182' title='bbox 685 1967 902 2010; x_wconf 85' lang='lat' dir='ltr'>possidebunt</span> 
     </span>
     <span class='ocr_line' id='line_1_37' title="bbox 170 2017 901 2063; baseline 0.007 -15"><span class='ocrx_word' id='word_1_183' title='bbox 170 2021 201 2049; x_wconf 90' lang='lat' dir='ltr'>et</span> <span class='ocrx_word' id='word_1_184' title='bbox 225 2017 390 2060; x_wconf 85' lang='lat' dir='ltr'>acquirere</span> <span class='ocrx_word' id='word_1_185' title='bbox 415 2023 578 2061; x_wconf 87' lang='lat' dir='ltr'>poterunt,</span> <span class='ocrx_word' id='word_1_186' title='bbox 597 2018 635 2050; x_wconf 87' lang='lat' dir='ltr'>ab</span> <span class='ocrx_word' id='word_1_187' title='bbox 657 2020 743 2052; x_wconf 91' lang='lat' dir='ltr'>omni</span> <span class='ocrx_word' id='word_1_188' title='bbox 770 2025 800 2052; x_wconf 92' lang='lat' dir='ltr'>et</span> <span class='ocrx_word' id='word_1_189' title='bbox 824 2031 901 2063; x_wconf 89' lang='lat' dir='ltr'>qna-</span> 
     </span>
     <span class='ocr_line' id='line_1_38' title="bbox 169 2069 901 2113; baseline 0.004 -11"><span class='ocrx_word' id='word_1_190' title='bbox 169 2079 305 2113; x_wconf 82' lang='lat' dir='ltr'>eumque</span> <span class='ocrx_word' id='word_1_191' title='bbox 338 2069 559 2112; x_wconf 88' lang='lat' dir='ltr'>subiectione,</span> <span class='ocrx_word' id='word_1_192' title='bbox 585 2071 804 2105; x_wconf 87' lang='lat' dir='ltr'>iurisdictione</span> <span class='ocrx_word' id='word_1_193' title='bbox 820 2099 827 2112; x_wconf 96' lang='lat'>,</span> <span class='ocrx_word' id='word_1_194' title='bbox 852 2083 901 2105; x_wconf 87' lang='lat' dir='ltr'>su-</span> 
     </span>
     <span class='ocr_line' id='line_1_39' title="bbox 168 2122 901 2167; baseline 0.004 -11"><span class='ocrx_word' id='word_1_195' title='bbox 168 2122 377 2166; x_wconf 85' lang='lat' dir='ltr'>perioritate‚</span> <span class='ocrx_word' id='word_1_196' title='bbox 405 2123 570 2164; x_wconf 89' lang='lat' dir='ltr'>dominio,</span> <span class='ocrx_word' id='word_1_197' title='bbox 598 2129 756 2167; x_wconf 78' lang='lat' dir='ltr'>potestate</span> <span class='ocrx_word' id='word_1_198' title='bbox 782 2131 812 2158; x_wconf 89' lang='lat' dir='ltr'>et</span> <span class='ocrx_word' id='word_1_199' title='bbox 838 2137 901 2159; x_wconf 90' lang='lat' dir='ltr'>me-</span> 
     </span>
     <span class='ocr_line' id='line_1_40' title="bbox 169 2175 900 2220; baseline 0.004 -12"><span class='ocrx_word' id='word_1_200' title='bbox 169 2175 350 2219; x_wconf 89' lang='lat' dir='ltr'>tropolitico</span> <span class='ocrx_word' id='word_1_201' title='bbox 370 2177 439 2209; x_wconf 85' lang='lat' dir='ltr'>iure</span> <span class='ocrx_word' id='word_1_202' title='bbox 458 2177 611 2210; x_wconf 86' lang='lat' dir='ltr'>ecclesiae</span> <span class='ocrx_word' id='word_1_203' title='bbox 632 2176 900 2220; x_wconf 62' lang='lat' dir='ltr'>Salisbuigensis,</span> 
     </span>
     <span class='ocr_line' id='line_1_41' title="bbox 167 2228 901 2272; baseline 0.004 -11"><span class='ocrx_word' id='word_1_204' title='bbox 167 2239 203 2261; x_wconf 89' lang='lat' dir='ltr'>ac</span> <span class='ocrx_word' id='word_1_205' title='bbox 227 2228 311 2262; x_wconf 89' lang='lat' dir='ltr'>illius</span> <span class='ocrx_word' id='word_1_206' title='bbox 343 2228 578 2272; x_wconf 84' lang='lat' dir='ltr'>archiepiscopi</span> <span class='ocrx_word' id='word_1_207' title='bbox 614 2234 646 2262; x_wconf 84' lang='lat' dir='ltr'>et</span> <span class='ocrx_word' id='word_1_208' title='bbox 681 2240 901 2264; x_wconf 84' lang='lat' dir='ltr'>successorum</span> 
     </span>
     <span class='ocr_line' id='line_1_42' title="bbox 167 2283 903 2326; baseline 0.004 -12"><span class='ocrx_word' id='word_1_209' title='bbox 167 2292 457 2325; x_wconf 82' lang='lat' dir='ltr'>quorumcumque,</span> <span class='ocrx_word' id='word_1_210' title='bbox 482 2293 608 2315; x_wconf 83' lang='lat' dir='ltr'>necnon</span> <span class='ocrx_word' id='word_1_211' title='bbox 636 2294 652 2315; x_wconf 91' lang='lat' dir='ltr'>a</span> <span class='ocrx_word' id='word_1_212' title='bbox 678 2283 747 2317; x_wconf 89' lang='lat' dir='ltr'>iure</span> <span class='ocrx_word' id='word_1_213' title='bbox 772 2285 903 2326; x_wconf 77' lang='lat' dir='ltr'>legatio-</span> 
     </span>
     <span class='ocr_line' id='line_1_43' title="bbox 166 2333 898 2378; baseline 0.003 -12"><span class='ocrx_word' id='word_1_214' title='bbox 166 2334 215 2366; x_wconf 87' lang='lat' dir='ltr'>nis</span> <span class='ocrx_word' id='word_1_215' title='bbox 240 2333 438 2376; x_wconf 85' lang='lat' dir='ltr'>apostolicac</span> <span class='ocrx_word' id='word_1_216' title='bbox 474 2334 506 2366; x_wconf 91' lang='lat' dir='ltr'>in</span> <span class='ocrx_word' id='word_1_217' title='bbox 538 2335 704 2378; x_wconf 82' lang='lat' dir='ltr'>provincia</span> <span class='ocrx_word' id='word_1_218' title='bbox 735 2335 898 2369; x_wconf 85' lang='lat' dir='ltr'>Salisbur-</span> 
     </span>
     <span class='ocr_line' id='line_1_44' title="bbox 167 2387 900 2430; baseline 0.004 -11"><span class='ocrx_word' id='word_1_219' title='bbox 167 2387 259 2429; x_wconf 80' lang='lat' dir='ltr'>gensi</span> <span class='ocrx_word' id='word_1_220' title='bbox 297 2392 408 2420; x_wconf 85' lang='lat' dir='ltr'>tenore</span> <span class='ocrx_word' id='word_1_221' title='bbox 450 2387 669 2429; x_wconf 87' lang='lat' dir='ltr'>praesentium</span> <span class='ocrx_word' id='word_1_222' title='bbox 706 2389 876 2422; x_wconf 78' lang='lat' dir='ltr'>eximimus</span> <span class='ocrx_word' id='word_1_223' title='bbox 893 2417 900 2430; x_wconf 95' lang='lat'>,</span> 
     </span>
    </p>
   </div>
   <div class='ocr_carea' id='block_1_4' title="bbox 164 2465 901 2590">
    <p class='ocr_par' dir='ltr' id='par_1_4' title="bbox 164 2465 901 2590">
     <span class='ocr_line' id='line_1_45' title="bbox 202 2465 901 2501; baseline 0.004 -9"><span class='ocrx_word' id='word_1_224' title='bbox 202 2467 213 2492; x_wconf 85' lang='lat'><strong>1</strong></span> <span class='ocrx_word' id='word_1_225' title='bbox 234 2465 273 2493; x_wconf 83' lang='lat' dir='ltr'>Ab</span> <span class='ocrx_word' id='word_1_226' title='bbox 292 2465 387 2492; x_wconf 88' lang='lat' dir='ltr'>inusit.</span> <span class='ocrx_word' id='word_1_227' title='bbox 409 2466 489 2493; x_wconf 86' lang='lat' dir='ltr'>verbo</span> <span class='ocrx_word' id='word_1_228' title='bbox 508 2475 626 2501; x_wconf 81' lang='lat' dir='ltr'>cessere,</span> <span class='ocrx_word' id='word_1_229' title='bbox 650 2467 719 2494; x_wconf 88' lang='lat' dir='ltr'>unde</span> <span class='ocrx_word' id='word_1_230' title='bbox 739 2476 901 2501; x_wconf 77' lang='lat' dir='ltr'>arcessere;</span> 
     </span>
     <span class='ocr_line' id='line_1_46' title="bbox 164 2509 900 2545; baseline 0.005 -8"><span class='ocrx_word' id='word_1_231' title='bbox 164 2510 192 2537; x_wconf 88' lang='lat' dir='ltr'>ni</span> <span class='ocrx_word' id='word_1_232' title='bbox 212 2509 339 2538; x_wconf 87' lang='lat' dir='ltr'>malueris</span> <span class='ocrx_word' id='word_1_233' title='bbox 358 2510 450 2545; x_wconf 84' lang='lat' dir='ltr'>legere</span> <span class='ocrx_word' id='word_1_234' title='bbox 469 2513 622 2544; x_wconf 79' lang='lat' dir='ltr'>vocentur,</span> <span class='ocrx_word' id='word_1_235' title='bbox 644 2512 778 2545; x_wconf 57' lang='lat' dir='ltr'>dantur,</span> <span class='ocrx_word' id='word_1_236' title='bbox 798 2516 845 2540; x_wconf 84' lang='lat' dir='ltr'>aut</span> <span class='ocrx_word' id='word_1_237' title='bbox 863 2513 900 2540; x_wconf 92' lang='lat' dir='ltr'>si-</span> 
     </span>
     <span class='ocr_line' id='line_1_47' title="bbox 164 2554 353 2590; baseline 0.005 -8"><span class='ocrx_word' id='word_1_238' title='bbox 164 2554 227 2582; x_wconf 83' lang='lat' dir='ltr'>mile</span> <span class='ocrx_word' id='word_1_239' title='bbox 245 2556 286 2589; x_wconf 83' lang='lat' dir='ltr'>(n.</span> <span class='ocrx_word' id='word_1_240' title='bbox 304 2556 353 2590; x_wconf 89' lang='lat' dir='ltr'>T.).</span> 
     </span>
    </p>
   </div>
   <div class='ocr_carea' id='block_1_5' title="bbox 250 2608 866 2639">
    <p class='ocr_par' dir='ltr' id='par_1_5' title="bbox 250 2608 866 2639">
     <span class='ocr_line' id='line_1_48' title="bbox 250 2608 866 2639; baseline 0.002 -3"><span class='ocrx_word' id='word_1_241' title='bbox 250 2608 330 2637; x_wconf 80' lang='lat' dir='ltr'>Bull.</span> <span class='ocrx_word' id='word_1_242' title='bbox 348 2609 433 2638; x_wconf 81' lang='lat' dir='ltr'>Rom.</span> <span class='ocrx_word' id='word_1_243' title='bbox 454 2624 488 2630; x_wconf 97' lang='lat'>—</span> <span class='ocrx_word' id='word_1_244' title='bbox 514 2610 574 2638; x_wconf 79' lang='lat' dir='ltr'>Vol.</span> <span class='ocrx_word' id='word_1_245' title='bbox 596 2609 688 2639; x_wconf 82' lang='lat' dir='ltr'><em>XXII.</em></span> <span class='ocrx_word' id='word_1_246' title='bbox 832 2609 866 2637; x_wconf 88' lang='grc'>83</span> 
     </span>
    </p>
   </div>
   <div class='ocr_carea' id='block_1_6' title="bbox 924 875 929 1532">
    <p class='ocr_par' dir='ltr' id='par_1_6' title="bbox 924 875 929 1532">
     <span class='ocr_line' id='line_1_49' title="bbox 924 875 929 1532; baseline 0 0"><span class='ocrx_word' id='word_1_247' title='bbox 924 875 929 1532; x_wconf 95' lang='lat' dir='ltr'> </span> 
     </span>
    </p>
   </div>
   <div class='ocr_carea' id='block_1_7' title="bbox 945 172 1879 2596">
    <p class='ocr_par' dir='ltr' id='par_1_7' title="bbox 947 172 1692 1842">
     <span class='ocr_line' id='line_1_50' title="bbox 1595 172 1658 203; baseline 0.048 -3"><span class='ocrx_word' id='word_1_248' title='bbox 1595 172 1658 203; x_wconf 64' lang='lat'>057</span> 
     </span>
     <span class='ocr_line' id='line_1_51' title="bbox 956 228 1692 272; baseline -0.004 -10"><span class='ocrx_word' id='word_1_249' title='bbox 956 231 1178 263; x_wconf 84' lang='lat' dir='ltr'>subtrahimus</span> <span class='ocrx_word' id='word_1_250' title='bbox 1201 235 1231 264; x_wconf 87' lang='lat' dir='ltr'>et</span> <span class='ocrx_word' id='word_1_251' title='bbox 1256 230 1442 270; x_wconf 83' lang='lat' dir='ltr'>liberamus,</span> <span class='ocrx_word' id='word_1_252' title='bbox 1463 228 1692 272; x_wconf 74' lang='lat' dir='ltr'>perpetuisque</span> 
     </span>
     <span class='ocr_line' id='line_1_52' title="bbox 956 282 1691 328; baseline -0.004 -12"><span class='ocrx_word' id='word_1_253' title='bbox 956 284 1071 317; x_wconf 89' lang='lat' dir='ltr'>suturis</span> <span class='ocrx_word' id='word_1_254' title='bbox 1103 284 1302 328; x_wconf 85' lang='lat' dir='ltr'>temporibus</span> <span class='ocrx_word' id='word_1_255' title='bbox 1335 284 1552 326; x_wconf 85' lang='lat' dir='ltr'>undequaque</span> <span class='ocrx_word' id='word_1_256' title='bbox 1579 282 1691 322; x_wconf 76' lang='lat' dir='ltr'>eximi,</span> 
     </span>
     <span class='ocr_line' id='line_1_53' title="bbox 955 335 1691 375; baseline -0.001 -7"><span class='ocrx_word' id='word_1_257' title='bbox 955 337 1102 370; x_wconf 82' lang='lat' dir='ltr'>subtrahi</span> <span class='ocrx_word' id='word_1_258' title='bbox 1128 349 1163 370; x_wconf 84' lang='lat' dir='ltr'>ac</span> <span class='ocrx_word' id='word_1_259' title='bbox 1188 337 1321 370; x_wconf 86' lang='lat' dir='ltr'>liberari</span> <span class='ocrx_word' id='word_1_260' title='bbox 1343 337 1512 375; x_wconf 78' lang='lat' dir='ltr'>votumus3</span> <span class='ocrx_word' id='word_1_261' title='bbox 1534 335 1691 368; x_wconf 76' lang='lat' dir='ltr'>eumdem</span> 
     </span>
     <span class='ocr_line' id='line_1_54' title="bbox 955 388 1690 432; baseline -0.004 -10"><span class='ocrx_word' id='word_1_262' title='bbox 955 400 1017 432; x_wconf 88' lang='lat' dir='ltr'>qne</span> <span class='ocrx_word' id='word_1_263' title='bbox 1043 389 1214 432; x_wconf 84' lang='lat' dir='ltr'>loseplium</span> <span class='ocrx_word' id='word_1_264' title='bbox 1242 389 1443 422; x_wconf 84' lang='lat' dir='ltr'>Dominicuin</span> <span class='ocrx_word' id='word_1_265' title='bbox 1481 388 1690 430; x_wconf 82' lang='lat' dir='ltr'>episcopum,</span> 
     </span>
     <span class='ocr_line' id='line_1_55' title="bbox 955 440 1688 484; baseline -0.001 -11"><span class='ocrx_word' id='word_1_266' title='bbox 955 441 1104 484; x_wconf 88' lang='lat' dir='ltr'>illiusque</span> <span class='ocrx_word' id='word_1_267' title='bbox 1131 442 1301 475; x_wconf 85' lang='lat' dir='ltr'>ecclesiam</span> <span class='ocrx_word' id='word_1_268' title='bbox 1328 441 1570 480; x_wconf 68' lang='lat' dir='ltr'>pataviensem,</span> <span class='ocrx_word' id='word_1_269' title='bbox 1597 440 1688 483; x_wconf 78' lang='lat' dir='ltr'>eapi—</span> 
     </span>
     <span class='ocr_line' id='line_1_56' title="bbox 956 493 1690 536; baseline -0.001 -11"><span class='ocrx_word' id='word_1_270' title='bbox 956 495 1057 526; x_wconf 88' lang='lat' dir='ltr'>tulum</span> <span class='ocrx_word' id='word_1_271' title='bbox 1083 500 1112 526; x_wconf 90' lang='lat' dir='ltr'>et</span> <span class='ocrx_word' id='word_1_272' title='bbox 1134 495 1320 536; x_wconf 87' lang='lat' dir='ltr'>canonicos,</span> <span class='ocrx_word' id='word_1_273' title='bbox 1335 495 1457 527; x_wconf 86' lang='lat' dir='ltr'>elerum</span> <span class='ocrx_word' id='word_1_274' title='bbox 1477 498 1507 525; x_wconf 92' lang='lat' dir='ltr'>et</span> <span class='ocrx_word' id='word_1_275' title='bbox 1525 493 1690 536; x_wconf 83' lang='lat' dir='ltr'>populum⁷</span> 
     </span>
     <span class='ocr_line' id='line_1_57' title="bbox 953 545 1691 590; baseline 0.001 -13"><span class='ocrx_word' id='word_1_276' title='bbox 953 556 1080 579; x_wconf 80' lang='lat' dir='ltr'>necnon</span> <span class='ocrx_word' id='word_1_277' title='bbox 1107 557 1327 590; x_wconf 86' lang='lat' dir='ltr'>quascumque</span> <span class='ocrx_word' id='word_1_278' title='bbox 1353 555 1519 589; x_wconf 79' lang='lat' dir='ltr'>personas,</span> <span class='ocrx_word' id='word_1_279' title='bbox 1537 556 1572 578; x_wconf 83' lang='lat' dir='ltr'>ac</span> <span class='ocrx_word' id='word_1_280' title='bbox 1593 545 1691 578; x_wconf 89' lang='lat' dir='ltr'>bene-</span> 
     </span>
     <span class='ocr_line' id='line_1_58' title="bbox 953 596 1689 641; baseline 0 -12"><span class='ocrx_word' id='word_1_281' title='bbox 953 596 1023 629; x_wconf 77' lang='lat' dir='ltr'>ficia</span> <span class='ocrx_word' id='word_1_282' title='bbox 1049 598 1222 640; x_wconf 82' lang='lat' dir='ltr'>praedicta,</span> <span class='ocrx_word' id='word_1_283' title='bbox 1243 603 1408 641; x_wconf 89' lang='lat' dir='ltr'>totamque</span> <span class='ocrx_word' id='word_1_284' title='bbox 1427 598 1496 630; x_wconf 84' lang='lat' dir='ltr'>eius</span> <span class='ocrx_word' id='word_1_285' title='bbox 1516 597 1689 630; x_wconf 84' lang='lat' dir='ltr'>dioecesim</span> 
     </span>
     <span class='ocr_line' id='line_1_59' title="bbox 954 649 1691 692; baseline 0 -11"><span class='ocrx_word' id='word_1_286' title='bbox 954 649 1185 689; x_wconf 81' lang='lat' dir='ltr'>Pataviensem,</span> <span class='ocrx_word' id='word_1_287' title='bbox 1205 650 1235 682; x_wconf 91' lang='lat' dir='ltr'>in</span> <span class='ocrx_word' id='word_1_288' title='bbox 1254 650 1302 682; x_wconf 87' lang='lat' dir='ltr'>ius</span> <span class='ocrx_word' id='word_1_289' title='bbox 1326 655 1356 682; x_wconf 89' lang='lat' dir='ltr'>et</span> <span class='ocrx_word' id='word_1_290' title='bbox 1381 649 1616 692; x_wconf 85' lang='lat' dir='ltr'>proprietatem</span> <span class='ocrx_word' id='word_1_291' title='bbox 1642 649 1691 681; x_wconf 84' lang='lat' dir='ltr'>Se-</span> 
     </span>
     <span class='ocr_line' id='line_1_60' title="bbox 953 701 1688 744; baseline -0.001 -10"><span class='ocrx_word' id='word_1_292' title='bbox 953 701 1000 734; x_wconf 90' lang='lat' dir='ltr'>dis</span> <span class='ocrx_word' id='word_1_293' title='bbox 1027 702 1256 744; x_wconf 85' lang='lat' dir='ltr'>Apostolicae‚</span> <span class='ocrx_word' id='word_1_294' title='bbox 1283 708 1313 735; x_wconf 86' lang='lat' dir='ltr'>et</span> <span class='ocrx_word' id='word_1_295' title='bbox 1337 702 1395 734; x_wconf 85' lang='lat' dir='ltr'>sub</span> <span class='ocrx_word' id='word_1_296' title='bbox 1431 702 1500 735; x_wconf 88' lang='lat' dir='ltr'>eius</span> <span class='ocrx_word' id='word_1_297' title='bbox 1526 706 1558 734; x_wconf 88' lang='lat' dir='ltr'>et</span> <span class='ocrx_word' id='word_1_298' title='bbox 1583 703 1688 734; x_wconf 74' lang='lat' dir='ltr'>nestra</span> 
     </span>
     <span class='ocr_line' id='line_1_61' title="bbox 952 754 1690 798; baseline 0 -13"><span class='ocrx_word' id='word_1_299' title='bbox 952 754 1080 797; x_wconf 87' lang='lat' dir='ltr'>speciali</span> <span class='ocrx_word' id='word_1_300' title='bbox 1100 760 1129 787; x_wconf 87' lang='lat' dir='ltr'>et</span> <span class='ocrx_word' id='word_1_301' title='bbox 1150 755 1335 788; x_wconf 76' lang='lat' dir='ltr'>immediata</span> <span class='ocrx_word' id='word_1_302' title='bbox 1360 754 1563 798; x_wconf 85' lang='lat' dir='ltr'>protectione</span> <span class='ocrx_word' id='word_1_303' title='bbox 1590 754 1690 785; x_wconf 86' lang='lat' dir='ltr'>susci-</span> 
     </span>
     <span class='ocr_line' id='line_1_62' title="bbox 952 806 1690 851; baseline -0.003 -12"><span class='ocrx_word' id='word_1_304' title='bbox 952 807 1079 850; x_wconf 85' lang='lat' dir='ltr'>pimus;</span> <span class='ocrx_word' id='word_1_305' title='bbox 1107 807 1266 851; x_wconf 87' lang='lat' dir='ltr'>nobisque</span> <span class='ocrx_word' id='word_1_306' title='bbox 1293 813 1323 840; x_wconf 86' lang='lat' dir='ltr'>et</span> <span class='ocrx_word' id='word_1_307' title='bbox 1349 806 1501 840; x_wconf 86' lang='lat' dir='ltr'>Romanis</span> <span class='ocrx_word' id='word_1_308' title='bbox 1528 806 1690 839; x_wconf 63' lang='lat' dir='ltr'>Pontifici-</span> 
     </span>
     <span class='ocr_line' id='line_1_63' title="bbox 952 858 1689 892; baseline 0 -1"><span class='ocrx_word' id='word_1_309' title='bbox 952 860 1012 891; x_wconf 87' lang='lat' dir='ltr'>bus</span> <span class='ocrx_word' id='word_1_310' title='bbox 1045 860 1289 892; x_wconf 86' lang='lat' dir='ltr'>successoribus</span> <span class='ocrx_word' id='word_1_311' title='bbox 1322 859 1440 892; x_wconf 88' lang='lat' dir='ltr'>nostris</span> <span class='ocrx_word' id='word_1_312' title='bbox 1467 859 1557 892; x_wconf 90' lang='lat' dir='ltr'>nullo</span> <span class='ocrx_word' id='word_1_313' title='bbox 1584 858 1689 892; x_wconf 84' lang='lat' dir='ltr'>medio</span> 
     </span>
     <span class='ocr_line' id='line_1_64' title="bbox 951 912 1688 955; baseline -0.001 -11"><span class='ocrx_word' id='word_1_314' title='bbox 951 912 983 944; x_wconf 93' lang='lat' dir='ltr'>in</span> <span class='ocrx_word' id='word_1_315' title='bbox 1010 917 1167 955; x_wconf 88' lang='lat' dir='ltr'>perpetuo</span> <span class='ocrx_word' id='word_1_316' title='bbox 1198 912 1335 945; x_wconf 82' lang='lat' dir='ltr'>subesse</span> <span class='ocrx_word' id='word_1_317' title='bbox 1361 912 1567 945; x_wconf 88' lang='lat' dir='ltr'>decernimus</span> <span class='ocrx_word' id='word_1_318' title='bbox 1594 916 1688 954; x_wconf 88' lang='lat' dir='ltr'>atque</span> 
     </span>
     <span class='ocr_line' id='line_1_65' title="bbox 951 964 1688 1006; baseline -0.001 -9"><span class='ocrx_word' id='word_1_319' title='bbox 951 964 1129 997; x_wconf 81' lang='lat' dir='ltr'>statuimus.</span> <span class='ocrx_word' id='word_1_320' title='bbox 1157 965 1308 998; x_wconf 74' lang='lat' dir='ltr'>Volumus</span> <span class='ocrx_word' id='word_1_321' title='bbox 1335 971 1460 1004; x_wconf 79' lang='lat' dir='ltr'>tamen,</span> <span class='ocrx_word' id='word_1_322' title='bbox 1480 971 1511 997; x_wconf 89' lang='lat' dir='ltr'>et</span> <span class='ocrx_word' id='word_1_323' title='bbox 1536 974 1688 1006; x_wconf 80' lang='lat' dir='ltr'>expresse</span> 
     </span>
     <span class='ocr_line' id='line_1_66' title="bbox 951 1015 1689 1059; baseline -0.003 -11"><span class='ocrx_word' id='word_1_324' title='bbox 951 1017 1165 1059; x_wconf 86' lang='lat' dir='ltr'>praecipimus</span> <span class='ocrx_word' id='word_1_325' title='bbox 1180 1023 1210 1049; x_wconf 84' lang='lat' dir='ltr'>et</span> <span class='ocrx_word' id='word_1_326' title='bbox 1228 1017 1426 1055; x_wconf 79' lang='lat' dir='ltr'>mandamus,</span> <span class='ocrx_word' id='word_1_327' title='bbox 1445 1021 1479 1048; x_wconf 90' lang='lat' dir='ltr'>ut</span> <span class='ocrx_word' id='word_1_328' title='bbox 1500 1016 1605 1048; x_wconf 83' lang='lat' dir='ltr'>eidem</span> <span class='ocrx_word' id='word_1_329' title='bbox 1625 1015 1689 1057; x_wconf 83' lang='lat' dir='ltr'>epi-</span> 
     </span>
     <span class='ocr_line' id='line_1_67' title="bbox 950 1068 1688 1111; baseline -0.003 -10"><span class='ocrx_word' id='word_1_330' title='bbox 950 1079 1049 1111; x_wconf 88' lang='lat' dir='ltr'>scopo</span> <span class='ocrx_word' id='word_1_331' title='bbox 1068 1069 1247 1102; x_wconf 80' lang='lat' dir='ltr'>Pataviensi</span> <span class='ocrx_word' id='word_1_332' title='bbox 1274 1079 1356 1102; x_wconf 90' lang='lat' dir='ltr'>onus</span> <span class='ocrx_word' id='word_1_333' title='bbox 1382 1069 1544 1100; x_wconf 82' lang='lat' dir='ltr'>incumbat</span> <span class='ocrx_word' id='word_1_334' title='bbox 1569 1068 1688 1110; x_wconf 74' lang='lat' dir='ltr'>eligen-</span> 
     </span>
     <span class='ocr_line' id='line_1_68' title="bbox 950 1120 1686 1164; baseline 0.001 -12"><span class='ocrx_word' id='word_1_335' title='bbox 950 1120 979 1153; x_wconf 90' lang='lat' dir='ltr'>di</span> <span class='ocrx_word' id='word_1_336' title='bbox 1006 1121 1289 1164; x_wconf 87' lang='lat' dir='ltr'>archiepiscopum</span> <span class='ocrx_word' id='word_1_337' title='bbox 1314 1121 1594 1163; x_wconf 75' lang='lat' dir='ltr'>Salisburgensem</span> <span class='ocrx_word' id='word_1_338' title='bbox 1628 1131 1686 1163; x_wconf 89' lang='lat' dir='ltr'>pro</span> 
     </span>
     <span class='ocr_line' id='line_1_69' title="bbox 949 1174 1687 1216; baseline 0.001 -11"><span class='ocrx_word' id='word_1_339' title='bbox 949 1183 1007 1206; x_wconf 88' lang='lat' dir='ltr'>suo</span> <span class='ocrx_word' id='word_1_340' title='bbox 1030 1174 1280 1216; x_wconf 88' lang='lat' dir='ltr'>metropolitano</span> <span class='ocrx_word' id='word_1_341' title='bbox 1299 1174 1338 1206; x_wconf 86' lang='lat' dir='ltr'>ad</span> <span class='ocrx_word' id='word_1_342' title='bbox 1357 1174 1489 1207; x_wconf 87' lang='lat' dir='ltr'>Concilii</span> <span class='ocrx_word' id='word_1_343' title='bbox 1507 1174 1687 1206; x_wconf 84' lang='lat' dir='ltr'>Tridentini</span> 
     </span>
     <span class='ocr_line' id='line_1_70' title="bbox 950 1227 1683 1270; baseline 0.003 -12"><span class='ocrx_word' id='word_1_344' title='bbox 950 1233 1045 1270; x_wconf 88' lang='lat' dir='ltr'>atque</span> <span class='ocrx_word' id='word_1_345' title='bbox 1072 1227 1167 1260; x_wconf 90' lang='lat' dir='ltr'>etiam</span> <span class='ocrx_word' id='word_1_346' title='bbox 1204 1227 1308 1260; x_wconf 87' lang='lat' dir='ltr'>ultimi</span> <span class='ocrx_word' id='word_1_347' title='bbox 1340 1228 1443 1260; x_wconf 88' lang='lat' dir='ltr'>nostri</span> <span class='ocrx_word' id='word_1_348' title='bbox 1477 1228 1608 1260; x_wconf 78' lang='lat' dir='ltr'>[tomani</span> <span class='ocrx_word' id='word_1_349' title='bbox 1636 1232 1683 1260; x_wconf 88' lang='lat' dir='ltr'>te-</span> 
     </span>
     <span class='ocr_line' id='line_1_71' title="bbox 950 1280 1685 1322; baseline -0.001 -10"><span class='ocrx_word' id='word_1_350' title='bbox 950 1290 1086 1319; x_wconf 86' lang='lat' dir='ltr'>norem,</span> <span class='ocrx_word' id='word_1_351' title='bbox 1122 1290 1195 1313; x_wconf 87' lang='lat' dir='ltr'>cum</span> <span class='ocrx_word' id='word_1_352' title='bbox 1233 1280 1431 1322; x_wconf 76' lang='lat' dir='ltr'>obligatione</span> <span class='ocrx_word' id='word_1_353' title='bbox 1471 1280 1685 1313; x_wconf 80' lang='lat' dir='ltr'>conveniendi</span> 
     </span>
     <span class='ocr_line' id='line_1_72' title="bbox 949 1333 1687 1376; baseline 0.004 -12"><span class='ocrx_word' id='word_1_354' title='bbox 949 1333 986 1365; x_wconf 84' lang='lat' dir='ltr'>ad</span> <span class='ocrx_word' id='word_1_355' title='bbox 1012 1333 1150 1365; x_wconf 84' lang='lat' dir='ltr'>concilia</span> <span class='ocrx_word' id='word_1_356' title='bbox 1176 1333 1387 1376; x_wconf 80' lang='lat' dir='ltr'>provincialia</span> <span class='ocrx_word' id='word_1_357' title='bbox 1414 1339 1535 1365; x_wconf 85' lang='lat' dir='ltr'>tantuin</span> <span class='ocrx_word' id='word_1_358' title='bbox 1562 1334 1600 1365; x_wconf 87' lang='lat' dir='ltr'>ab</span> <span class='ocrx_word' id='word_1_359' title='bbox 1634 1345 1687 1367; x_wconf 82' lang='lat' dir='ltr'>co·</span> 
     </span>
     <span class='ocr_line' id='line_1_73' title="bbox 950 1386 1685 1430; baseline 0.001 -12"><span class='ocrx_word' id='word_1_360' title='bbox 950 1386 1021 1418; x_wconf 87' lang='lat' dir='ltr'>dem</span> <span class='ocrx_word' id='word_1_361' title='bbox 1043 1386 1292 1429; x_wconf 85' lang='lat' dir='ltr'>archiepiscopo</span> <span class='ocrx_word' id='word_1_362' title='bbox 1311 1386 1498 1419; x_wconf 84' lang='lat' dir='ltr'>indicenda:</span> <span class='ocrx_word' id='word_1_363' title='bbox 1517 1397 1598 1430; x_wconf 88' lang='lat' dir='ltr'>quae</span> <span class='ocrx_word' id='word_1_364' title='bbox 1617 1388 1685 1430; x_wconf 89' lang='lat' dir='ltr'>qui-</span> 
     </span>
     <span class='ocr_line' id='line_1_74' title="bbox 949 1439 1685 1483; baseline 0.003 -12"><span class='ocrx_word' id='word_1_365' title='bbox 949 1439 1019 1471; x_wconf 85' lang='lat' dir='ltr'>dem</span> <span class='ocrx_word' id='word_1_366' title='bbox 1040 1439 1157 1472; x_wconf 85' lang='lat' dir='ltr'>electio</span> <span class='ocrx_word' id='word_1_367' title='bbox 1172 1439 1412 1483; x_wconf 84' lang='lat' dir='ltr'>metropolitani</span> <span class='ocrx_word' id='word_1_368' title='bbox 1428 1439 1685 1482; x_wconf 76' lang='lat' dir='ltr'>Salisburgensis</span> 
     </span>
     <span class='ocr_line' id='line_1_75' title="bbox 948 1492 1683 1537; baseline 0.004 -12"><span class='ocrx_word' id='word_1_369' title='bbox 948 1492 1097 1525; x_wconf 85' lang='lat' dir='ltr'>eumdem</span> <span class='ocrx_word' id='word_1_370' title='bbox 1117 1492 1333 1525; x_wconf 81' lang='lat' dir='ltr'>Pataviensem</span> <span class='ocrx_word' id='word_1_371' title='bbox 1350 1493 1535 1536; x_wconf 84' lang='lat' dir='ltr'>episcopum</span> <span class='ocrx_word' id='word_1_372' title='bbox 1551 1493 1683 1537; x_wconf 86' lang='lat' dir='ltr'>eiusque</span> 
     </span>
     <span class='ocr_line' id='line_1_76' title="bbox 947 1545 1685 1588; baseline 0.003 -11"><span class='ocrx_word' id='word_1_373' title='bbox 947 1555 1153 1578; x_wconf 84' lang='lat' dir='ltr'>successores</span> <span class='ocrx_word' id='word_1_374' title='bbox 1179 1545 1304 1578; x_wconf 84' lang='lat' dir='ltr'>afficere</span> <span class='ocrx_word' id='word_1_375' title='bbox 1325 1550 1356 1578; x_wconf 89' lang='lat' dir='ltr'>et</span> <span class='ocrx_word' id='word_1_376' title='bbox 1380 1546 1525 1588; x_wconf 83' lang='lat' dir='ltr'>obligare</span> <span class='ocrx_word' id='word_1_377' title='bbox 1551 1546 1685 1580; x_wconf 89' lang='lat' dir='ltr'>omnino</span> 
     </span>
     <span class='ocr_line' id='line_1_77' title="bbox 948 1597 1685 1639; baseline 0.003 -10"><span class='ocrx_word' id='word_1_378' title='bbox 948 1597 1168 1639; x_wconf 81' lang='lat' dir='ltr'>intelligatur,</span> <span class='ocrx_word' id='word_1_379' title='bbox 1194 1597 1273 1630; x_wconf 88' lang='lat' dir='ltr'>itaut</span> <span class='ocrx_word' id='word_1_380' title='bbox 1311 1598 1364 1631; x_wconf 89' lang='lat' dir='ltr'>ille</span> <span class='ocrx_word' id='word_1_381' title='bbox 1401 1599 1449 1631; x_wconf 87' lang='lat' dir='ltr'>vel</span> <span class='ocrx_word' id='word_1_382' title='bbox 1488 1598 1532 1631; x_wconf 91' lang='lat' dir='ltr'>illi</span> <span class='ocrx_word' id='word_1_383' title='bbox 1559 1599 1685 1632; x_wconf 88' lang='lat' dir='ltr'>nullum</span> 
     </span>
     <span class='ocr_line' id='line_1_78' title="bbox 947 1650 1686 1695; baseline 0.003 -13"><span class='ocrx_word' id='word_1_384' title='bbox 947 1650 1043 1682; x_wconf 84' lang='lat' dir='ltr'>alium</span> <span class='ocrx_word' id='word_1_385' title='bbox 1065 1650 1125 1682; x_wconf 91' lang='lat' dir='ltr'>nisi</span> <span class='ocrx_word' id='word_1_386' title='bbox 1151 1650 1429 1693; x_wconf 82' lang='lat' dir='ltr'>Salisburgensem</span> <span class='ocrx_word' id='word_1_387' title='bbox 1466 1651 1686 1695; x_wconf 86' lang='lat' dir='ltr'>archiepisco-</span> 
     </span>
     <span class='ocr_line' id='line_1_79' title="bbox 947 1704 1685 1746; baseline 0.005 -12"><span class='ocrx_word' id='word_1_388' title='bbox 947 1713 1020 1746; x_wconf 89' lang='lat' dir='ltr'>pum</span> <span class='ocrx_word' id='word_1_389' title='bbox 1047 1704 1169 1746; x_wconf 83' lang='lat' dir='ltr'>eligere</span> <span class='ocrx_word' id='word_1_390' title='bbox 1205 1704 1352 1744; x_wconf 88' lang='lat' dir='ltr'>valeant,</span> <span class='ocrx_word' id='word_1_391' title='bbox 1380 1710 1409 1736; x_wconf 91' lang='lat' dir='ltr'>et</span> <span class='ocrx_word' id='word_1_392' title='bbox 1442 1705 1479 1737; x_wconf 87' lang='lat' dir='ltr'>ad</span> <span class='ocrx_word' id='word_1_393' title='bbox 1513 1705 1685 1738; x_wconf 88' lang='lat' dir='ltr'>concilium</span> 
     </span>
     <span class='ocr_line' id='line_1_80' title="bbox 947 1756 1684 1800; baseline 0.005 -12"><span class='ocrx_word' id='word_1_394' title='bbox 947 1756 1147 1799; x_wconf 76' lang='lat' dir='ltr'>provinciale</span> <span class='ocrx_word' id='word_1_395' title='bbox 1163 1757 1363 1800; x_wconf 81' lang='lat' dir='ltr'>praedictum</span> <span class='ocrx_word' id='word_1_396' title='bbox 1377 1757 1535 1790; x_wconf 83' lang='lat' dir='ltr'>accedere</span> <span class='ocrx_word' id='word_1_397' title='bbox 1551 1758 1684 1792; x_wconf 89' lang='lat' dir='ltr'>omnino</span> 
     </span>
     <span class='ocr_line' id='line_1_81' title="bbox 948 1815 1130 1842; baseline 0 0"><span class='ocrx_word' id='word_1_398' title='bbox 948 1815 1130 1842; x_wconf 87' lang='lat' dir='ltr'>teneantur.</span> 
     </span>
    </p>

    <p class='ocr_par' dir='ltr' id='par_1_8' title="bbox 945 1863 1879 2596">
     <span class='ocr_line' id='line_1_82' title="bbox 989 1863 1684 1908; baseline 0.006 -13"><span class='ocrx_word' id='word_1_399' title='bbox 989 1864 1003 1905; x_wconf 63' lang='grc' dir='ltr'>ἓ</span> <span class='ocrx_word' id='word_1_400' title='bbox 1028 1863 1059 1896; x_wconf 81' lang='grc'>6.</span> <span class='ocrx_word' id='word_1_401' title='bbox 1083 1863 1137 1896; x_wconf 86' lang='lat' dir='ltr'>llis</span> <span class='ocrx_word' id='word_1_402' title='bbox 1163 1873 1242 1906; x_wconf 77' lang='lat' dir='ltr'>ergo</span> <span class='ocrx_word' id='word_1_403' title='bbox 1261 1863 1412 1896; x_wconf 83' lang='lat' dir='ltr'>stabilitis</span> <span class='ocrx_word' id='word_1_404' title='bbox 1435 1869 1531 1908; x_wconf 87' lang='lat' dir='ltr'>atque</span> <span class='ocrx_word' id='word_1_405' title='bbox 1553 1866 1612 1898; x_wconf 88' lang='lat' dir='ltr'>hac</span> <span class='ocrx_word' id='word_1_406' title='bbox 1631 1876 1684 1899; x_wconf 92' lang='lat' dir='ltr'>no-</span> 
     </span>
     <span class='ocr_line' id='line_1_83' title="bbox 946 1908 1879 1960; baseline 0.001 -12"><span class='ocrx_word' id='word_1_407' title='bbox 946 1917 1012 1948; x_wconf 77' lang='lat' dir='ltr'>stra</span> <span class='ocrx_word' id='word_1_408' title='bbox 1036 1916 1269 1949; x_wconf 84' lang='lat' dir='ltr'>constitutione</span> <span class='ocrx_word' id='word_1_409' title='bbox 1296 1915 1444 1956; x_wconf 80' lang='lat' dir='ltr'>firmatis,</span> <span class='ocrx_word' id='word_1_410' title='bbox 1467 1910 1808 1960; x_wconf 57' lang='lat' dir='ltr'>decernimus,‹52:2⁵&#39;⁵“¹*1¹‚&#39;‡</span> <span class='ocrx_word' id='word_1_411' title='bbox 1831 1908 1879 1951; x_wconf 46' lang='lat' dir='ltr'>ssssfj</span> 
     </span>
     <span class='ocr_line' id='line_1_84' title="bbox 946 1958 1879 2015; baseline 0.003 -15"><span class='ocrx_word' id='word_1_412' title='bbox 946 1968 1166 2001; x_wconf 75' lang='lat' dir='ltr'>pataviensem</span> <span class='ocrx_word' id='word_1_413' title='bbox 1191 1968 1390 2012; x_wconf 88' lang='lat' dir='ltr'>episcopum,</span> <span class='ocrx_word' id='word_1_414' title='bbox 1412 1975 1442 2002; x_wconf 91' lang='lat' dir='ltr'>et</span> <span class='ocrx_word' id='word_1_415' title='bbox 1462 1981 1682 2015; x_wconf 87' lang='lat' dir='ltr'>quoscumque</span> <span class='ocrx_word' id='word_1_416' title='bbox 1695 1962 1736 2003; x_wconf 54' lang='lat'>1⁰53</span> <span class='ocrx_word' id='word_1_417' title='bbox 1783 1958 1879 2004; x_wconf 55' lang='grc' dir='ltr'>ἰη’ἶῗέιῗῖ</span> 
     </span>
     <span class='ocr_line' id='line_1_85' title="bbox 946 2015 1878 2061; baseline 0.006 -7"><span class='ocrx_word' id='word_1_418' title='bbox 946 2022 1014 2054; x_wconf 82' lang='lat' dir='ltr'>cius</span> <span class='ocrx_word' id='word_1_419' title='bbox 1036 2032 1242 2055; x_wconf 85' lang='lat' dir='ltr'>successores</span> <span class='ocrx_word' id='word_1_420' title='bbox 1258 2022 1297 2054; x_wconf 91' lang='lat' dir='ltr'>ad</span> <span class='ocrx_word' id='word_1_421' title='bbox 1316 2022 1511 2056; x_wconf 67' lang='lat' dir='ltr'>pataviensis</span> <span class='ocrx_word' id='word_1_422' title='bbox 1529 2025 1683 2059; x_wconf 82' lang='lat' dir='ltr'>ecclesiae</span> <span class='ocrx_word' id='word_1_423' title='bbox 1695 2015 1759 2061; x_wconf 54' lang='lat' dir='ltr'>iffio‘</span> <span class='ocrx_word' id='word_1_424' title='bbox 1775 2016 1878 2058; x_wconf 45' lang='lat' dir='ltr'>tiuan&#39;siiis</span> 
     </span>
     <span class='ocr_line' id='line_1_86' title="bbox 946 2075 1684 2120; baseline 0.004 -12"><span class='ocrx_word' id='word_1_425' title='bbox 946 2075 1131 2109; x_wconf 86' lang='lat' dir='ltr'>cathedram</span> <span class='ocrx_word' id='word_1_426' title='bbox 1159 2075 1368 2119; x_wconf 87' lang='lat' dir='ltr'>imposterum</span> <span class='ocrx_word' id='word_1_427' title='bbox 1394 2077 1635 2120; x_wconf 84' lang='lat' dir='ltr'>provehendos,</span> <span class='ocrx_word' id='word_1_428' title='bbox 1653 2079 1684 2111; x_wconf 92' lang='lat' dir='ltr'>in</span> 
     </span>
     <span class='ocr_line' id='line_1_87' title="bbox 947 2128 1684 2172; baseline 0.007 -12"><span class='ocrx_word' id='word_1_429' title='bbox 947 2128 996 2161; x_wconf 87' lang='lat' dir='ltr'>his</span> <span class='ocrx_word' id='word_1_430' title='bbox 1035 2139 1116 2172; x_wconf 87' lang='lat' dir='ltr'>quac</span> <span class='ocrx_word' id='word_1_431' title='bbox 1152 2129 1378 2172; x_wconf 87' lang='lat' dir='ltr'>praesentibus</span> <span class='ocrx_word' id='word_1_432' title='bbox 1413 2130 1532 2163; x_wconf 88' lang='lat' dir='ltr'>nostris</span> <span class='ocrx_word' id='word_1_433' title='bbox 1565 2131 1684 2165; x_wconf 85' lang='lat' dir='ltr'>decer-</span> 
     </span>
     <span class='ocr_line' id='line_1_88' title="bbox 945 2182 1681 2225; baseline 0.005 -12"><span class='ocrx_word' id='word_1_434' title='bbox 945 2187 1071 2222; x_wconf 89' lang='lat' dir='ltr'>nuntur,</span> <span class='ocrx_word' id='word_1_435' title='bbox 1091 2192 1151 2225; x_wconf 85' lang='lat' dir='ltr'>per</span> <span class='ocrx_word' id='word_1_436' title='bbox 1175 2182 1300 2215; x_wconf 89' lang='lat' dir='ltr'>nullum</span> <span class='ocrx_word' id='word_1_437' title='bbox 1326 2182 1559 2225; x_wconf 83' lang='lat' dir='ltr'>patriarchani,</span> <span class='ocrx_word' id='word_1_438' title='bbox 1580 2185 1681 2217; x_wconf 90' lang='lat' dir='ltr'>archi-</span> 
     </span>
     <span class='ocr_line' id='line_1_89' title="bbox 946 2234 1684 2280; baseline 0.007 -14"><span class='ocrx_word' id='word_1_439' title='bbox 946 2234 1157 2277; x_wconf 83' lang='lat' dir='ltr'>episcopum,</span> <span class='ocrx_word' id='word_1_440' title='bbox 1184 2235 1396 2278; x_wconf 83' lang='lat' dir='ltr'>episcopum,</span> <span class='ocrx_word' id='word_1_441' title='bbox 1425 2236 1543 2269; x_wconf 88' lang='lat' dir='ltr'>aliasve</span> <span class='ocrx_word' id='word_1_442' title='bbox 1577 2248 1684 2280; x_wconf 87' lang='lat' dir='ltr'>perso—</span> 
     </span>
     <span class='ocr_line' id='line_1_90' title="bbox 945 2288 1685 2334; baseline 0.007 -16"><span class='ocrx_word' id='word_1_443' title='bbox 945 2296 1015 2326; x_wconf 88' lang='lat' dir='ltr'>nas,</span> <span class='ocrx_word' id='word_1_444' title='bbox 1042 2297 1247 2330; x_wconf 88' lang='lat' dir='ltr'>quacumque</span> <span class='ocrx_word' id='word_1_445' title='bbox 1269 2288 1332 2321; x_wconf 75' lang='lat' dir='ltr'>alia</span> <span class='ocrx_word' id='word_1_446' title='bbox 1357 2289 1558 2329; x_wconf 87' lang='lat' dir='ltr'>auctoritate,</span> <span class='ocrx_word' id='word_1_447' title='bbox 1581 2290 1685 2334; x_wconf 62' lang='lat' dir='ltr'>(tigni-</span> 
     </span>
     <span class='ocr_line' id='line_1_91' title="bbox 947 2340 1680 2387; baseline 0.008 -16"><span class='ocrx_word' id='word_1_448' title='bbox 947 2343 1010 2371; x_wconf 88' lang='lat' dir='ltr'>tate</span> <span class='ocrx_word' id='word_1_449' title='bbox 1040 2345 1071 2372; x_wconf 90' lang='lat' dir='ltr'>et</span> <span class='ocrx_word' id='word_1_450' title='bbox 1096 2340 1353 2382; x_wconf 77' lang='lat' dir='ltr'>praeeminentia</span> <span class='ocrx_word' id='word_1_451' title='bbox 1389 2342 1569 2384; x_wconf 83' lang='lat' dir='ltr'>fulgentes,</span> <span class='ocrx_word' id='word_1_452' title='bbox 1597 2354 1680 2387; x_wconf 89' lang='lat' dir='ltr'>quo-</span> 
     </span>
     <span class='ocr_line' id='line_1_92' title="bbox 946 2391 1684 2439; baseline 0.008 -16"><span class='ocrx_word' id='word_1_453' title='bbox 946 2391 990 2424; x_wconf 92' lang='lat' dir='ltr'>vis</span> <span class='ocrx_word' id='word_1_454' title='bbox 1018 2396 1206 2434; x_wconf 83' lang='lat' dir='ltr'>praetextu,</span> <span class='ocrx_word' id='word_1_455' title='bbox 1233 2394 1342 2426; x_wconf 82' lang='lat' dir='ltr'>colore</span> <span class='ocrx_word' id='word_1_456' title='bbox 1369 2395 1417 2427; x_wconf 89' lang='lat' dir='ltr'>vel</span> <span class='ocrx_word' id='word_1_457' title='bbox 1443 2395 1598 2437; x_wconf 81' lang='lat' dir='ltr'>ingenio,</span> <span class='ocrx_word' id='word_1_458' title='bbox 1626 2407 1684 2439; x_wconf 93' lang='lat' dir='ltr'>pu-</span> 
     </span>
     <span class='ocr_line' id='line_1_93' title="bbox 945 2444 1682 2489; baseline 0.011 -14"><span class='ocrx_word' id='word_1_459' title='bbox 945 2444 1028 2476; x_wconf 89' lang='lat' dir='ltr'>blice</span> <span class='ocrx_word' id='word_1_460' title='bbox 1055 2445 1104 2477; x_wconf 90' lang='lat' dir='ltr'>vel</span> <span class='ocrx_word' id='word_1_461' title='bbox 1129 2446 1266 2485; x_wconf 85' lang='lat' dir='ltr'>occulte,</span> <span class='ocrx_word' id='word_1_462' title='bbox 1295 2446 1413 2479; x_wconf 86' lang='lat' dir='ltr'>directe</span> <span class='ocrx_word' id='word_1_463' title='bbox 1438 2449 1488 2480; x_wconf 88' lang='lat' dir='ltr'>vel</span> <span class='ocrx_word' id='word_1_464' title='bbox 1514 2448 1682 2489; x_wconf 88' lang='lat' dir='ltr'>indirecte,</span> 
     </span>
     <span class='ocr_line' id='line_1_94' title="bbox 945 2496 1681 2541; baseline 0.01 -13"><span class='ocrx_word' id='word_1_465' title='bbox 945 2496 1012 2530; x_wconf 88' lang='lat' dir='ltr'>ullo</span> <span class='ocrx_word' id='word_1_466' title='bbox 1032 2501 1125 2540; x_wconf 87' lang='lat' dir='ltr'>pacto</span> <span class='ocrx_word' id='word_1_467' title='bbox 1150 2497 1318 2541; x_wconf 89' lang='lat' dir='ltr'>impediri,</span> <span class='ocrx_word' id='word_1_468' title='bbox 1348 2499 1485 2540; x_wconf 88' lang='lat' dir='ltr'>turbari,</span> <span class='ocrx_word' id='word_1_469' title='bbox 1512 2502 1681 2535; x_wconf 85' lang='lat' dir='ltr'>molestari</span> 
     </span>
     <span class='ocr_line' id='line_1_95' title="bbox 945 2550 1682 2596; baseline 0.008 -13"><span class='ocrx_word' id='word_1_470' title='bbox 945 2550 994 2584; x_wconf 90' lang='lat' dir='ltr'>vel</span> <span class='ocrx_word' id='word_1_471' title='bbox 1026 2550 1199 2595; x_wconf 87' lang='lat' dir='ltr'>inquietari</span> <span class='ocrx_word' id='word_1_472' title='bbox 1232 2561 1374 2596; x_wconf 86' lang='lat' dir='ltr'>unquam</span> <span class='ocrx_word' id='word_1_473' title='bbox 1409 2563 1508 2596; x_wconf 84' lang='lat' dir='ltr'>posse</span> <span class='ocrx_word' id='word_1_474' title='bbox 1540 2559 1595 2588; x_wconf 87' lang='lat' dir='ltr'>aut</span> <span class='ocrx_word' id='word_1_475' title='bbox 1627 2555 1682 2590; x_wconf 84' lang='lat' dir='ltr'>de-</span> 
     </span>
    </p>
   </div>
   <div class='ocr_carea' id='block_1_8' title="bbox 1706 181 1887 207">
    <p class='ocr_par' dir='ltr' id='par_1_9' title="bbox 1706 181 1887 207">
     <span class='ocr_line' id='line_1_96' title="bbox 1706 181 1887 207; baseline 0.022 -3"><span class='ocrx_word' id='word_1_476' title='bbox 1706 181 1754 207; x_wconf 65' lang='lat' dir='ltr'>An.</span> <span class='ocrx_word' id='word_1_477' title='bbox 1775 182 1801 205; x_wconf 67' lang='grc' dir='ltr'>Γ..</span> <span class='ocrx_word' id='word_1_478' title='bbox 1822 181 1887 207; x_wconf 68' lang='lat'>1728</span> 
     </span>
    </p>
   </div>
   <div class='ocr_carea' id='block_1_9' title="bbox 1744 1878 1878 1899">
    <p class='ocr_par' dir='ltr' id='par_1_10' title="bbox 1744 1878 1878 1899">
     <span class='ocr_line' id='line_1_97' title="bbox 1744 1878 1878 1899; baseline 0.007 -1"><span class='ocrx_word' id='word_1_479' title='bbox 1744 1878 1807 1898; x_wconf 69' lang='lat' dir='ltr'>Patai</span> <span class='ocrx_word' id='word_1_480' title='bbox 1815 1885 1878 1899; x_wconf 50' lang='lat' dir='ltr'>tonsi&lt;</span> 
     </span>
    </p>
   </div>
   <div class='ocr_carea' id='block_1_10' title="bbox 1721 1936 1779 1951">
    <p class='ocr_par' dir='ltr' id='par_1_11' title="bbox 1721 1936 1779 1951">
     <span class='ocr_line' id='line_1_98' title="bbox 1721 1936 1779 1951; baseline 0 1196"><span class='ocrx_word' id='word_1_481' title='bbox 1721 1936 1779 1951; x_wconf 95' lang='lat' dir='ltr'> </span> 
     </span>
    </p>
   </div>
  </div>
 </body>
</html>
