2170 3147
22 178 70 203 An.
87 177 117 203 G.
136 176 204 203 172⁵

21 236 202 285 g⁰12‘³<{³2⁵ffi¹.⁵„21{*
215 225 387 258 cardinalis
413 230 444 258 et
468 226 644 268 prodatarii
680 227 780 260 nostri
806 228 951 271 pietate,

92 1609 203 1632 Clausulas

21 1637 146 1663 peculiatas.

819 179 1016 204 BENELIC'PUS
1041 180 1100 204 xm
1123 179 1172 204 PP-

215 279 400 321 integritate
421 284 453 311 et
476 279 646 321 religionis
662 281 733 313 zelo
751 282 878 323 plenam
898 293 954 315 no-

215 331 318 363 titiam
346 332 527 369 habentes,
553 343 588 364 ac
613 338 787 375 propterea
821 344 856 365 ex
884 334 953 366 eius

215 383 421 426 protectione
447 384 623 427 plurimum
653 385 814 418 commodi
840 391 871 417 et
901 397 951 418 or-

214 436 355 469 namenti
383 437 537 479 hospitali
571 437 716 479 praefato
749 448 952 470 accessurum

215 489 284 522 sore
310 489 424 522 merito
450 495 642 532 sperantes,
673 495 783 531 motu,
816 491 953 523 scientia

219 547 250 574 et
282 547 444 585 potestate
481 542 639 575 similibus
683 543 788 586 ipsum
824 543 951 576 Petrum

214 594 436 628 Marcellinum
456 595 652 628 cardinalem
675 607 710 628 ac
732 596 951 638 prodatarium

214 653 361 680 nostrum
389 648 558 690 hospitalis
585 649 769 681 huiusmodi
797 649 952 692 illiusque

215 700 386 739 bonorum,
404 711 509 733 rerum
530 707 561 733 et
580 701 698 733 iurium
725 713 953 745 quorumcum-

215 764 277 796 que
303 754 386 796 apud
419 764 478 786 nos
505 759 537 787 et
562 755 678 787 dictam
704 755 818 788 Sedem
843 761 953 799 prote-

215 812 336 840 ctorem
374 812 406 839 ct
438 807 667 847 defensorem,
695 818 765 840 cum
803 809 952 841 omnibus

215 859 408 903 supradictis
433 860 569 902 aliisque
596 861 823 901 facultatibus,
850 862 953 895 hono-

217 912 308 945 ribus
340 919 369 945 et
400 913 555 946 oneribus
589 913 693 946 solitis
719 919 751 947 et
775 915 950 955 consuetis,

215 966 254 998 ad
280 965 328 998 sui
353 966 459 1003 vitam,
489 970 601 999 tenore
626 967 858 1009 praesentium,
879 967 953 1000 saci-

215 1028 297 1057 mus,
323 1018 549 1051 constituimus
576 1024 607 1051 et
632 1019 839 1061 deputamus;
865 1030 953 1052 man-

216 1071 329 1104 dantes
350 1077 524 1115 propterea
542 1072 668 1106 dilectis
686 1073 761 1106 filiis
780 1074 952 1117 hospitalis

202 1125 349 1168 'praefati
369 1125 480 1168 priori,
500 1126 714 1169 presbyteris,
740 1127 951 1168 officialibus,

215 1178 395 1217 ministris,
421 1179 605 1222 ceterisque
632 1180 781 1222 personis
808 1191 893 1213 nunc
920 1186 952 1213 et

215 1242 275 1274 pro
309 1237 454 1274 tempore
493 1232 726 1273 existentibus,
751 1234 887 1277 aliisque
913 1235 951 1267 ad

215 1295 294 1327 quos
321 1290 446 1328 spectat
478 1291 510 1318 et
534 1285 564 1317 in
593 1286 735 1318 futurum
772 1288 950 1330 spectabit,

214 1342 249 1369 ut
269 1338 420 1370 eumdem
448 1338 577 1371 Petrum
603 1339 824 1372 Marcellinum
850 1341 952 1373 cardi-

216 1391 321 1423 nalem
347 1402 384 1424 ac
409 1392 628 1434 prodatarium
647 1398 808 1431 nostrum,
826 1393 859 1425 in
877 1394 950 1426 dieti

216 1443 389 1487 hospitalis
426 1449 646 1488 protectorem
682 1451 713 1478 et
745 1446 950 1480 defensorem

215 1496 302 1529 iuxta
321 1502 465 1530 tenorem
491 1499 712 1541 praesentium
734 1499 930 1543 recipientes
945 1528 952 1541 ,

215 1552 253 1583 ea
278 1561 339 1594 qua
366 1551 458 1583 decet
492 1552 674 1584 reverentia
700 1559 949 1596 prosequantur.

258 1603 272 1646 ἓ
302 1603 354 1636 ⁶29.
383 1603 601 1637 Decerneutes
637 1605 784 1648 pariter,
822 1607 951 1639 easdem

214 1662 404 1701 praesentes
439 1658 561 1691 litteras
599 1663 630 1691 et
663 1659 694 1691 in
720 1659 765 1692 eis
800 1666 952 1693 contenta

215 1721 449 1754 quaecumque,
467 1712 562 1744 etiam
582 1722 617 1744 ex
640 1722 677 1745 eo
706 1713 792 1756 quod
811 1712 840 1745 in
860 1724 953 1756 prae-

214 1764 318 1797 missis
344 1775 400 1797 seu
426 1775 538 1798 eorum
574 1765 681 1809 aliquo
714 1766 872 1800 interesse
899 1767 953 1799 ba-

213 1818 329 1851 bentes
348 1829 402 1851 seu
422 1818 565 1852 habere¹
591 1820 837 1862 quomodolibet
862 1831 951 1864 prae-

215 1871 393 1912 tendentes,
420 1872 558 1905 euiusvis
583 1877 692 1913 status,
717 1874 847 1916 gradus,
870 1874 951 1907 ordi-

213 1924 272 1964 nis,
299 1925 590 1968 praeeminentiae,
616 1927 666 1959 vel
693 1927 868 1968 dignitatis,
895 1938 949 1960 seu

214 1977 275 2010 alia
300 1977 450 2020 specifica
476 1983 506 2010 et
531 1978 695 2011 individua
729 1980 891 2013 mentione
921 1985 951 2013 ct

215 2031 426 2073 expressione
444 2031 531 2073 digni
551 2033 699 2071 existant,
718 2033 840 2066 eisdem
859 2044 952 2077 prae-

214 2083 318 2116 missis
344 2094 406 2116 non
434 2085 673 2125 consenserint,
692 2095 751 2117 nec
776 2086 814 2118 ad
842 2096 878 2119 ea
900 2098 952 2120 vo-

214 2135 276 2168 cati
301 2144 356 2168 seu
383 2136 482 2169 auditi
509 2137 646 2177 suerint,
673 2138 846 2181 minusque
879 2149 952 2172 cau-

214 2199 289 2228 sae,
321 2194 456 2231 propter
481 2199 559 2232 quas
586 2190 721 2223 eaedem
757 2196 950 2233 praesentes

215 2242 453 2282 emanaverint,
480 2242 649 2282 adductae,
674 2243 866 2284 verificatae,
893 2255 950 2277 seu

214 2294 294 2328 alias
319 2294 516 2327 sufficienter
553 2300 605 2327 aut
641 2295 735 2328 etiam
761 2297 949 2329 nullatenus

214 2347 403 2381 iustificatae
430 2347 567 2387 suerint,
592 2348 681 2380 nullo
706 2358 847 2390 unquam
874 2353 952 2381 tem-

213 2411 292 2444 pore
314 2401 352 2433 de
378 2400 614 2443 subreptionis,
641 2400 854 2443 obreptionis,
879 2402 952 2433 nul-

214 2453 313 2486 litatis
339 2459 394 2486 aut
419 2453 627 2486 invaliditatis
653 2454 740 2493 vitio,
766 2464 821 2487 seu
846 2453 951 2486 inten-

214 2505 312 2540 tionis
337 2512 465 2539 nostrae
491 2511 545 2539 aut
569 2506 633 2539 alio
659 2506 770 2549 quovis
795 2507 925 2540 defectu
941 2533 949 2547 ,

248 2569 262 2597 1
284 2568 356 2596 Edit.
377 2568 455 2596 Main.
479 2569 545 2603 legit
565 2569 666 2596 haberi
687 2569 724 2604 (n.
740 2569 792 2604 T.).

997 229 1092 261 etiam
1118 228 1323 271 quantumvis
1349 238 1477 272 magno,
1496 228 1676 271 excogitato
1704 233 1735 261 et

997 281 1210 321 substantiali,
1238 281 1332 314 etiam
1351 282 1437 325 quod
1457 281 1683 315 solemnitates
1704 287 1735 313 et

997 333 1058 365 alia
1084 334 1218 376 quaevis
1249 334 1279 366 in
1305 334 1492 377 praemissis
1521 335 1679 367 servanda
1705 339 1735 367 et

997 385 1206 428 adimplenda
1243 392 1366 419 servata
1399 393 1430 419 et
1465 385 1642 430 adimpleta
1667 397 1732 419 non

998 438 1127 477 suerint,
1151 444 1204 470 aut
1229 439 1325 471 etiam
1352 450 1388 472 ex
1415 439 1526 482 quovis
1548 440 1610 473 alio
1629 440 1734 482 capite

997 501 1013 522 a
1039 490 1106 523 iure
1132 492 1180 523 vel
1208 492 1290 524 t'aeto
1328 498 1381 524 aut
1413 497 1531 525 statuto
1565 503 1619 525 seu
1657 503 1735 525 con-

997 544 1168 576 suetudine
1194 544 1301 587 aliqua
1328 546 1523 585 resultante,
1551 555 1604 578 seu
1639 545 1735 578 etiam

998 596 1149 634 enormis,
1169 597 1413 630 enormissimae
1439 603 1470 630 ct
1488 598 1594 630 totalis
1619 598 1736 631 laesio-

998 648 1068 688 nis,
1099 653 1153 681 aut
1186 659 1392 692 quocumque
1418 650 1480 683 alio
1506 651 1613 683 colore
1641 650 1735 683 etiam

997 700 1028 732 in
1055 711 1193 744 corpore
1219 700 1297 734 iuris
1321 703 1432 735 clauso
1449 729 1456 743 ,
1483 713 1538 735 seu
1566 703 1735 736 occasione

998 754 1046 786 vel
1065 756 1172 794 causa,
1192 754 1287 786 etiam
1307 756 1511 798 quantumvis
1532 756 1622 795 iusta,
1642 756 1737 788 ratio-

997 807 1096 840 nabili
1125 813 1157 840 et
1181 808 1406 851 privilegiata,
1435 810 1530 842 etiam
1565 809 1616 842 tali
1653 820 1735 852 quae

997 860 1034 892 ad
1072 859 1219 892 effectum
1260 861 1436 893 validitatis
1482 863 1736 904 praemissorum

996 912 1182 945 necessario
1208 913 1422 956 exprimenda
1449 915 1544 954 soret,
1573 920 1627 947 aut
1651 915 1735 957 quod

997 965 1035 997 dc
1061 966 1226 998 voluntate
1252 968 1364 998 nostra
1397 966 1583 999 huiusmodi
1610 972 1642 999 et
1666 967 1737 999 aliis

997 1018 1147 1061 superius
1172 1019 1333 1062 expressis
1361 1030 1417 1053 seu
1446 1021 1558 1053 relatis
1588 1020 1669 1053 nibil
1691 1021 1739 1053 ul-

996 1071 1052 1104 libi
1073 1077 1245 1114 appareret
1262 1083 1315 1105 seu
1342 1073 1435 1106 aliter
1459 1073 1591 1116 probari
1617 1078 1737 1116 posset,

996 1125 1099 1157 notari
1122 1152 1129 1165 ,
1171 1125 1378 1169 impugnari,
1411 1126 1578 1160 invalidari
1600 1154 1606 1166 ,
1634 1132 1736 1159 retra-

996 1179 1074 1211 ctari
1112 1184 1167 1211 aut
1193 1180 1231 1212 ad
1257 1179 1413 1212 terminos
1437 1180 1516 1213 iuris
1542 1180 1666 1219 reduci,
1686 1181 1735 1213 vel

996 1232 1148 1264 adversus
1174 1232 1229 1264 illa
1254 1232 1468 1265 restitutionis
1494 1233 1525 1265 in
1551 1233 1712 1275 integrum
1728 1259 1736 1273 ,

996 1285 1185 1327 aperitionis
1211 1286 1288 1325 oris,
1306 1286 1507 1319 reductionis
1532 1286 1571 1319 ad
1597 1286 1678 1318 viam
1704 1291 1736 1318 et

998 1338 1153 1371 terminos
1186 1338 1284 1377 iuris,
1311 1344 1364 1371 aut
1393 1339 1480 1372 aliud
1507 1339 1734 1382 quodcumque

996 1392 1092 1433 iuris,
1120 1392 1212 1431 sacti,
1240 1392 1361 1434 gratiae
1386 1393 1436 1425 vel
1462 1392 1605 1425 iustitiae
1631 1402 1736 1425 reme-

996 1444 1083 1477 dium
1111 1445 1292 1488 impctrari,
1312 1456 1366 1478 seu
1386 1446 1636 1489 quomodolibet
1660 1456 1736 1478 con-

996 1498 1076 1537 cedi,
1100 1502 1152 1531 aut
1177 1498 1350 1541 impetrato
1376 1500 1423 1532 vel
1449 1509 1604 1532 concesso
1630 1509 1735 1541 quem-

996 1551 1081 1594 piam
1114 1552 1159 1583 uti
1192 1562 1246 1584 seu
1278 1562 1312 1584 se
1332 1550 1462 1584 iuvare¹
1486 1552 1518 1584 in
1545 1551 1665 1585 iudicio
1684 1553 1734 1585 vel

995 1610 1083 1637 extra
1108 1615 1213 1647 posse,
1233 1615 1342 1648 neque
1363 1604 1450 1648 ipsas
1475 1610 1663 1648 praesentes
1685 1605 1735 1637 lit-

996 1663 1088 1697 teras,
1112 1662 1143 1690 et
1167 1658 1199 1690 in
1226 1658 1271 1691 eis
1297 1663 1461 1698 contenta,
1484 1659 1543 1691 sub
1571 1659 1735 1702 quibusvis

995 1711 1148 1744 similium
1178 1712 1227 1744 vel
1254 1711 1456 1744 dissimilium
1484 1712 1660 1754 gratiarum
1685 1722 1735 1745 re-

994 1764 1238 1803 vocationibus,
1259 1765 1545 1807 suspensionibus,
1570 1765 1735 1798 limitatio-

995 1817 1090 1850 nibus
1125 1822 1179 1850 aut
1203 1818 1275 1850 aliis
1302 1818 1474 1851 contrariis
1512 1818 1735 1861 dispositioni-

995 1870 1054 1902 bus
1080 1881 1140 1913 pro
1172 1875 1320 1913 tempore
1346 1871 1591 1913 quomodolibet
1616 1871 1735 1904 sacien-

997 1924 1045 1955 dis
1071 1923 1330 1966 comprehendi,
1357 1925 1413 1956 sed
1447 1934 1577 1966 semper
1603 1925 1642 1956 ab
1668 1923 1732 1956 illis

995 1982 1149 2019 excepta,
1176 1981 1399 2019 perpetuoque
1424 1976 1550 2016 valida,
1578 1976 1667 2009 firma
1703 1981 1734 2009 et

995 2029 1136 2062 efficacia
1163 2029 1301 2062 existere
1323 2034 1355 2062 et
1380 2029 1466 2068 sore,
1496 2039 1637 2071 suosque
1663 2029 1731 2072 ple-

994 2083 1102 2116 narios
1121 2088 1152 2115 et
1169 2083 1314 2125 integros
1341 2082 1473 2115 effectus
1498 2082 1608 2115 sortiri
1627 2087 1659 2115 et
1677 2083 1733 2115 ob-

995 2136 1117 2175 tinere,
1144 2145 1179 2168 ae
1205 2146 1263 2178 per
1295 2146 1407 2169 omnes
1442 2135 1659 2178 etssingulos,
1693 2136 1731 2168 ad

995 2198 1075 2231 quos
1100 2194 1224 2232 spectat
1241 2194 1272 2221 et
1292 2188 1536 2231 quomodolibet
1561 2190 1730 2232 spectabit,

994 2241 1025 2273 in
1047 2242 1200 2281 futurum,
1221 2241 1451 2274 inviolabiliter
1476 2242 1652 2283 observari,
1672 2242 1733 2275 sic-

995 2304 1058 2336 que
1085 2299 1117 2327 ct
1142 2304 1206 2327 non
1237 2294 1331 2327 aliter
1356 2294 1386 2326 in
1408 2295 1595 2337 praemissis
1628 2296 1732 2328 omni-

994 2347 1054 2379 bus
1081 2352 1111 2379 et
1129 2346 1266 2389 singulis
1284 2357 1343 2390 per
1360 2358 1586 2391 quoscumque
1607 2348 1731 2382 iudices

994 2399 1180 2432 ordinarios
1201 2404 1232 2432 et
1250 2399 1417 2442 delegatos
1443 2400 1538 2433 etiam
1563 2411 1731 2434 causarum

993 2453 1103 2496 palatii
1129 2452 1301 2495 apostolici
1323 2453 1499 2493 auditores,
1526 2459 1557 2486 et
1581 2453 1612 2487 S.
1638 2454 1674 2487 R.
1694 2453 1728 2487 E.

993 2505 1190 2545 cardinaleS,
1214 2505 1309 2538 etiam
1339 2506 1379 2539 de
1404 2507 1506 2539 latere
1524 2507 1650 2549 legatos
1667 2534 1674 2547 ,
1702 2512 1732 2539 et

1030 2570 1039 2595 1
1065 2567 1126 2595 Edit
1145 2567 1217 2595 Main
1237 2568 1301 2603 legit
1320 2568 1419 2597 iuvari
1438 2568 1477 2604 (a.
1498 2569 1546 2604 Τ.),

1628 171 1692 205 453
1741 182 1790 206 An.
1812 180 1842 206 c.
1860 180 1926 208 1726
