2170 3147
2 204 51 232 An.
72 203 101 230 C.
121 203 187 230 1725

36 1846 123 1868 Sanctio
142 1851 191 1873 poe-

10 1873 70 1894 nutis.

771 202 965 226 BENEDICTUS
990 203 1044 226 xm
1068 202 1117 226 1³1³.

192 250 291 283 cessis
310 277 317 290 ‚
346 250 532 293 approbatis
554 275 561 289 ,
593 249 790 282 confirmatis
822 256 853 283 et
884 250 930 282 in·
973 260 1147 291 unccxxv,
1174 261 1235 284 xv11
1262 251 1417 283 kalendas
1443 250 1594 293 augusti,
1626 260 1710 293 pon-

192 303 328 343 novatis,
354 302 476 335 etiamsi
496 302 527 334 in
547 302 592 335 eis
611 307 760 335 caveatur
777 313 929 345 expresse

193 356 277 399 quod
303 355 367 389 illis
393 365 452 399 per
478 365 697 399 quascumque
712 354 836 387 litteras
856 365 932 397 apo-

193 408 334 449 stolicas
359 409 454 441 etiam
481 412 570 441 motu
591 407 687 440 simili
706 417 765 450 pro
784 412 930 449 tempore

193 471 377 503 concessas,
396 471 613 504 quascumque
640 460 735 493 etiam
761 459 932 501 derogato-

195 513 314 546 riarum
340 514 563 557 derogatorias
588 513 621 545 in
647 523 681 545 se
708 512 928 551 continentes,

195 566 344 609 derogari
360 577 423 599 non
440 567 556 610 possit,
573 576 680 609 neque
699 571 869 597 censeatur
887 564 932 596 eis

196 620 404 662 derogatum;
430 620 546 663 quibus
572 618 721 652 omnibus
738 623 769 650 et
785 617 930 659 singulis,

196 671 319 704 etiamsi
339 673 377 705 de
391 672 455 705 illis
472 682 652 714 eorumque
670 670 745 703 totis
765 669 933 702 tenoribus

196 724 346 767 specialis
365 750 372 764 ,
399 723 572 767 specifica,
600 733 754 767 expressa
772 728 799 755 et
818 721 933 754 indivi-

197 776 270 816 dua,
284 787 321 809 ac
345 777 384 809 de
403 777 501 809 verbo
524 777 562 810 ad
581 777 725 815 verbum,
744 785 808 808 non
827 780 931 807 autem

196 839 254 872 per
279 830 439 862 clausulas
460 830 633 872 generales
651 829 735 862 idem
754 829 934 871 importan-

197 887 264 920 tes,
292 882 413 915 mentio
439 892 494 915 seu
521 882 652 925 quaevis
677 882 739 914 alia
766 880 933 924 expressio

198 935 349 968 habenda
373 941 426 968 aut
462 946 688 979 quaecumque
726 934 786 967 alia
823 933 934 977 exqui-

197 988 260 1021 sita
284 989 388 1022 forma
413 990 451 1022 ad
479 990 541 1022 hoc
566 989 725 1021 servanda
751 989 846 1026 foret,
864 988 933 1020 illo-

198 1052 267 1074 rum
294 1042 438 1075 omnium
477 1048 507 1074 et
540 1042 743 1084 singulorum
781 1046 933 1077 tenores,

199 1095 318 1128 formas
355 1100 387 1127 et
425 1105 559 1134 causas,
599 1095 695 1127 etiam
731 1094 935 1136 quantumvis

198 1151 430 1190 praegnantes,
456 1147 524 1189 pias
549 1152 580 1179 et
597 1146 823 1189 privilegiatos,
844 1156 935 1188 prae-

199 1200 344 1232 sentibus
369 1210 427 1243 pro
452 1201 550 1242 plene
577 1206 608 1232 et
644 1198 867 1238 sufficienter,
901 1210 936 1230 ac

200 1253 238 1286 de
263 1253 362 1285 verbo
388 1253 426 1285 ad
452 1253 584 1285 verbum
605 1280 612 1292 ‚
639 1252 720 1284 nibil
747 1252 875 1295 penitus
902 1262 936 1283 o-

199 1305 308 1345 misso,
333 1305 473 1345 insertis,
500 1305 660 1348 expressis
686 1310 717 1338 et
741 1303 935 1347 specificatis

201 1358 369 1397 babentes,
396 1358 459 1390 illis
484 1359 561 1390 alias
586 1359 619 1390 in
644 1368 703 1390 suo
731 1357 846 1390 robore
866 1367 937 1400 per-

199 1410 366 1449 mansuris,
393 1409 430 1442 ad
458 1410 710 1452 praemissorum
736 1410 880 1442 omnium
906 1414 938 1441 et

201 1463 402 1506 singulorum
429 1463 660 1495 validissimum
687 1462 848 1502 effectum,
877 1463 937 1494 bae

200 1516 267 1549 vice
297 1516 477 1555 dumtaxat,
507 1516 664 1548 latissime
691 1521 722 1548 et
746 1514 937 1558 plenissime

201 1580 238 1603 ac
262 1569 482 1607 sufficienter,
509 1579 634 1602 necnon
670 1568 881 1612 specialiter¹
909 1574 938 1600 et

202 1633 376 1666 expresse,
408 1628 518 1662 motu,
551 1622 683 1655 scientia
713 1627 743 1655 et
768 1621 938 1665 potestatis

201 1675 406 1720 plenitudine
435 1676 609 1715 similibus,
635 1676 749 1708 harum
776 1675 858 1708 serie
884 1675 936 1707 de-

200 1739 369 1772 rogamus,
400 1728 582 1771 ceterisque
615 1728 783 1761 contrariis
814 1728 941 1771 quibus-

201 1793 350 1826 cumque.

246 1836 261 1879 g
287 1835 317 1868 7.
344 1835 426 1868 Nulli
454 1846 532 1878 crgo
559 1835 690 1868 omnino
716 1835 883 1867 bominum
904 1835 940 1867 li-

203 1894 272 1922 ceat
297 1889 381 1921 lianc
406 1889 556 1931 paginam
572 1893 700 1920 nostrae
723 1887 940 1927 extinctionis,

203 1942 428 1978 avocationis.
464 1940 732 1985 approbationis,
769 1940 939 1973 confirma-

205 1995 313 2034 tionis,
340 1994 490 2034 roboris,
516 1994 707 2027 adiectionis
734 1994 938 2033 defectuum,

204 2047 445 2091 abrogationis‚
470 2047 685 2090 suppletionis
706 2074 712 2085 ,
740 2046 916 2079 sanationis
931 2071 938 2085 ‚

205 2100 326 2134 silentii
366 2100 609 2143 impositionis,
649 2099 797 2138 decreti,
834 2100 940 2132 decla-

205 2153 357 2192 rationis,
385 2152 572 2191 erectionis,
598 2151 728 2184 unionis
753 2158 784 2184 et
809 2152 942 2194 deroga-

205 2205 302 2238 tionis
328 2204 580 2247 infringe1·e‚vel
607 2205 635 2236 ei
661 2214 739 2236 ausu
767 2203 940 2236 temerario

205 2258 388 2297 contraire;
415 2257 439 2289 si
466 2257 538 2300 quis
563 2262 669 2289 autem
696 2257 757 2289 boc
783 2260 941 2289 attentare

204 2309 470 2354 praesumpserit,
495 2310 752 2352 indignationem
794 2309 942 2351 omnipo-

204 2363 347 2407 potentis
374 2362 427 2396 Dei
447 2373 484 2395 ac
510 2362 679 2395 beatorum
699 2361 781 2394 Petri
804 2366 835 2393 et
854 2360 940 2393 Pauli

206 2417 426 2462 apostolorum
445 2416 514 2449 eius
531 2426 565 2449 se
584 2415 709 2448 noverit
726 2414 940 2446 incursurum.

250 2469 362 2502 Datum
389 2469 523 2508 Romae,
540 2468 624 2510 apud
650 2467 681 2500 S.
700 2466 831 2499 Mariam
848 2465 944 2498 Maio-

209 2522 333 2560 iorem,
372 2531 456 2554 anno
492 2518 723 2552 Incarnationis
760 2517 943 2551 dominicae

242 2584 255 2612 1
277 2583 347 2611 Edit.
368 2583 451 2611 Maia.
473 2583 538 2618 legit
556 2581 676 2617 speciali
694 2583 734 2616 (a.
752 2582 802 2615 τ.).

974 302 1114 335 titicatus
1141 303 1243 335 nostri
1269 313 1354 336 anno
1380 313 1414 336 Π,

1009 365 1068 392 Dat.
1092 365 1135 392 die
1161 366 1189 391 16
1211 365 1266 391 iulii
1292 365 1367 398 1725,
1391 364 1488 400 pontis.
1511 373 1583 392 anno
1604 371 1631 391 ΙΙ.

1267 507 1413 540 LXXXII.

976 585 1196 626 Confirmalur
1242 586 1401 619 decrelum
1446 587 1712 629 Conyreyaliom's

1019 638 1241 681 episcoporum
1257 643 1285 670 el
1305 639 1511 681 reqularium
1528 649 1586 681 pro
1602 649 1713 681 perpe-

1021 692 1074 722 tua
1097 701 1175 732 pace
1202 691 1236 722 in
1254 691 1422 733 provincia
1440 691 1565 724 Ροῐοηᾶ
1585 691 1713 724 Carme.-

1020 742 1158 775 lilarum
1183 743 1342 776 servando
1356 743 1376 775 ¹.

1152 823 1335 850 Benedictus
1357 824 1436 857 Papa
1456 824 1536 855 XIII,

1095 867 1130 893 ad
1150 871 1328 900 perpetuam
1347 867 1394 894 rei
1414 868 1595 894 memoriam.

1021 937 1204 981 g¹t,Nupe1·
1230 938 1388 970 emanavit
1415 949 1431 970 a
1457 937 1713 980 Congregatione
1724 945 1791 970 Eam:

979 991 1212 1024 venerabilium
1228 991 1362 1023 Fratrum
1378 996 1562 1023 nostrorum
1577 990 1608 1023 S.
1624 991 1660 1023 R.
1676 991 1710 1023 E.

978 1044 1188 1077 cardinalium
1215 1043 1353 1086 negotiis
1370 1050 1401 1076 et
1422 1043 1714 1077 consultationibus

978 1097 1206 1139 episcoporum
1233 1102 1263 1129 et
1291 1097 1490 1139 regularium
1516 1097 1713 1139 praeposita,

978 1150 1010 1181 in
1036 1153 1131 1182 causa
1157 1150 1277 1182 Poloua
1302 1155 1494 1192 praetensae
1520 1150 1715 1183 concordiae

979 1204 1063 1235 inter
1088 1203 1225 1235 dilectos
1252 1202 1334 1235 filios
1357 1203 1469 1235 fratres
1488 1203 1639 1245 antiquae
1657 1203 1715 1235 ob-

979 1256 1171 1294 servantiae,
1187 1267 1222 1288 ex
1242 1258 1314 1295 una,
1329 1261 1360 1288 et
1377 1256 1493 1288 fratres
1511 1255 1714 1288 Reformatos

979 1308 1108 1341 Ordinis
1128 1309 1162 1341 B.
1182 1308 1296 1341 Mariae
1316 1309 1354 1341 de
1370 1308 1475 1340 Monte
1493 1307 1659 1347 Carmelo,
1678 1317 1715 1339 ex

980 1363 1080 1394 altera
1104 1362 1260 1404 partibus,
1279 1366 1424 1394 vertente
1447 1361 1485 1393 de
1505 1366 1536 1393 et
1553 1370 1651 1403 super
1669 1371 1715 1393 va-

980 1414 1101 1447 liditate
1127 1414 1230 1447 dictae
1257 1419 1396 1447 assertae
1423 1413 1639 1452 concordiae,
1667 1423 1717 1445 oc-

980 1465 1108 1498 casione
1134 1465 1265 1508 capituli
1290 1464 1497 1507 provincialis
1524 1463 1555 1495 in
1589 1463 1715 1495 civitate

980 1517 1185 1550 Cracovicnsi
1211 1517 1262 1549 die
1286 1527 1361 1550 xxm
1388 1516 1467 1548 iunii
1492 1525 1637 1549 nincexm
1669 1526 1718 1548 ce-

981 1570 1113 1610 lebrati,
1139 1570 1305 1602 decretum
1333 1569 1454 1602 tenoris
1479 1569 1532 1612 qui
1559 1568 1715 1612 sequitur,

981 1623 1151 1656 videlicet:

1024 1697 1038 1715 a
1055 1686 1084 1716 In
1108 1687 1193 1716 causa
1219 1685 1329 1716 Polona
1353 1689 1521 1724 praetensae
1544 1684 1717 1714 concordiae

982 1739 1112 1764 vertente
1145 1734 1222 1764 inter
1256 1738 1352 1773 patres
1377 1733 1546 1763 Carmelitas
1581 1733 1718 1771 antiquae

982 1783 1202 1821 observantiae,
1227 1792 1262 1812 ex
1299 1783 1378 1818 una,
1414 1786 1442 1811 et
1475 1784 1570 1821 patres
1592 1784 1718 1810 assertos

982 1832 1165 1862 Reformatos
1191 1831 1320 1861 elusdem
1344 1830 1460 1861 Ordinis
1493 1834 1521 1859 et
1553 1829 1718 1868 provinciae

982 1881 1118 1917 Polonae‚
1142 1889 1175 1909 ex
1210 1879 1304 1909 altera
1336 1877 1478 1917 partibus,
1502 1877 1536 1906 de
1569 1881 1597 1906 et
1631 1885 1719 1915 super

982 1929 1131 1959 validitate
1167 1938 1218 1958 seu
1254 1927 1434 1957 invaliditate
1467 1926 1562 1955 (lictae
1590 1930 1719 1955 assertae

982 1978 1154 2008 concordiae
1177 1978 1251 2006 inter
1273 1977 1350 2015 ipsos
1374 1980 1470 2015 patres
1486 1975 1616 2004 firmatae
1637 1983 1720 2004 occa-

982 2027 1064 2056 sione
1087 2026 1207 2065 capituli
1227 2024 1415 2064 provincialis
1437 2023 1466 2052 in
1483 2023 1601 2052 civitate
1616 2022 1718 2052 Craco-

983 2075 1076 2105 viensi
1099 2074 1238 2104 celebrati
1261 2073 1314 2103 sub
1333 2072 1379 2101 die
1403 2081 1471 2101 xxiu
1486 2071 1559 2101 iunii
1575 2079 1717 2106 iunocxui,

983 2129 1011 2154 et
1027 2133 1060 2153 ex
1078 2131 1134 2162 quo
1159 2132 1209 2162 pro
1231 2120 1310 2151 illius
1333 2120 1553 2150 confirmatione
1573 2123 1602 2148 et
1617 2128 1721 2148 execu-

984 2172 1062 2201 tione
1085 2171 1131 2200 die
1155 2179 1220 2199 xxiv
1243 2169 1418 2208 septembris
1436 2176 1564 2197 nincoxlx
1580 2166 1720 2196 subsalsa

984 2220 1131 2249 narrativa
1148 2223 1176 2248 et
1192 2217 1372 2257 expositione
1389 2217 1479 2246 Breve
1500 2225 1514 2245 a
1531 2220 1648 2245 sanctae
1661 2223 1721 2243 me-

985 2269 1094 2298 moriae
1117 2268 1267 2298 Clemente
1281 2266 1315 2295 xl
1332 2265 1498 2304 subreptive
1522 2269 1549 2294 et
1571 2263 1721 2303 obreptive

986 2316 1074 2345 suerit
1096 2320 1265 2353 extortum,
1297 2314 1442 2353 rebusque
1475 2313 1540 2342 aliis
1568 2322 1626 2342 non
1648 2311 1722 2341 bene

985 2364 1163 2403 compositis,
1192 2381 1230 2386 -—-
1252 2362 1418 2393 Commissa
1441 2361 1532 2399 igitur
1557 2360 1722 2399 cognitione

1023 2448 1112 2474 1Alia
1141 2451 1227 2473 const.
1258 2446 1301 2472 ed.
1332 2452 1482 2479 unccxxiv‚
1512 2444 1555 2471 die
1583 2444 1615 2470 ⁶27
1646 2444 1721 2476 iulii,

987 2492 1081 2527 pontif.
1103 2499 1130 2524 ι,
1152 2491 1342 2517 confirmatum
1362 2489 1411 2516 suit
1436 2488 1573 2516 decretum
1602 2488 1722 2522 Congre-

986 2535 1099 2570 gatiouis
1115 2534 1270 2569 disciplinae
1286 2541 1367 2568 super
1378 2532 1569 2559 reformatione
1580 2533 1606 2558 in
1617 2531 1723 2558 duobus

987 2577 1163 2606 conventibus
1182 2577 1388 2604 carmelitarum
1408 2577 1434 2603 in
1454 2584 1536 2612 reguo
1555 2575 1676 2603 SiciIIae.

1729 1721 1802 1746 praed:

1611 192 1674 225 2029
1723 201 1772 226 An.
1789 200 1816 226 r..
1836 199 1902 228 ¹725

1787 945 1832 964 ‘itio
1849 946 1907 964 tarti-

1801 1695 1911 1714 Decretum

1806 1724 1867 1740 ctum,
