2170 3147
0 202 39 228 ln.
55 200 84 227 C.
107 200 173 227 ¹72³>

6 887 19 905 Α
32 886 136 906 (timiama
146 886 172 906 xl

0 915 143 934 :oulirmalunh

20 1412 100 1432 Causae
116 1417 176 1441 prae-

0 1442 57 1468 tentis
74 1441 177 1458 comuni-

3 1470 61 1484 lonis.

762 198 883 220 nnxmm
892 197 954 220 *Tl'S

185 247 257 277 sacta
280 248 315 277 ab
337 248 437 278 eodem
460 246 602 277 cardinali
621 246 730 283 Iudice,
748 245 916 284 dominique

184 296 362 326 unanimiter
384 295 522 325 dixerunt
540 294 750 324 consulendum
767 303 830 323 esse
846 295 918 322 San-

184 344 314 373 ctissimo
337 343 412 382 quod
435 343 583 372 declarare
605 342 741 379 dignetur
764 351 797 371 ex
818 341 919 370 huius-

185 391 259 421 modi
282 391 414 421 cessione
437 391 548 420 nullum
572 390 601 420 in
625 390 729 419 futuris
759 390 918 419 decanatus

185 439 384 469 vacationibus
406 439 520 468 censeri
543 439 705 476 irrogatum
729 437 817 467 fuisse
837 447 917 476 prae-

183 488 323 518 iudicium
346 487 542 518 cardinalibus
569 487 675 516 similia
704 486 767 516 iura
797 486 919 515 foventi-

184 536 249 565 bus.
273 536 420 575 Factaque
445 536 545 566 eadem
567 535 613 565 die
629 544 680 574 per
702 543 746 564 me
769 533 920 563 infrascri-

184 589 266 623 ptum
289 584 478 614 secretarium
502 584 536 613 de
552 583 719 622 praemissis
735 581 919 612 sanctissimo

183 633 300 663 domino
321 638 421 663 nostro
440 633 592 671 relatione,
609 632 754 662 Sanctitas
771 632 827 660 Sua
851 639 918 659 con-

183 681 362 719 gregationis
385 681 559 711 sententiam
576 679 669 719 quoad
686 683 838 717 utramque
855 687 920 717 par-

185 733 241 759 tem
264 729 389 767 benigne
406 728 586 768 approbavit,
603 733 632 758 et
649 727 798 766 perpetuis
814 726 919 756 futuris

184 776 364 816 temporibus
386 776 535 807 observari
559 775 715 805 mandavit.
731 793 762 795 —
783 775 918 804 Pnosrnn
939 785 941 789 ·

183 823 223 853 Dr:
246 824 442 854 mimmii-mis
464 824 651 854 secretarius.

226 872 313 905 idem
339 883 414 906 vero
432 872 581 905 Clemens
599 872 836 916 praedecessor
854 881 918 903 non

184 925 278 958 modo
314 925 551 958 antedictorum
587 925 774 967 praesulum
811 928 919 956 votum

184 988 239 1010 seu
272 978 464 1017 consilium,
487 983 523 1011 ut
556 977 749 1020 praefertur,
777 976 919 1018 benigne

184 1030 344 1073 probavit,
371 1031 602 1074 perpetuisque
629 1029 742 1062 suturis
769 1029 920 1071 tempori-

183 1083 241 1116 bus
277 1083 440 1116 observari
477 1082 648 1122 mandavit,
675 1092 785 1115 verum
823 1082 918 1114 etiam

183 1136 263 1168 illud
298 1136 331 1168 in
367 1136 560 1169 consistorio
597 1142 724 1169 secreto
760 1135 917 1175 subinde,

185 1198 301 1231 nempe
335 1189 386 1222 die
422 1199 457 1221 111
482 1188 587 1221 martii
613 1197 754 1221 nnecxm
792 1187 917 1226 habito,

186 1241 290 1283 palam
321 1241 450 1274 recitari
489 1246 519 1273 et
550 1241 633 1273 inter
668 1246 738 1273 aeta
773 1240 919 1272 eiusdem

183 1293 365 1326 consistorii
388 1294 426 1325 ad
446 1297 634 1336 perpetuam
661 1292 706 1325 rei
733 1292 920 1325 memoriam
942 1310 943 1319 1

185 1346 339 1378 asservari
367 1351 463 1389 atque
489 1345 642 1379 custodiri
668 1346 845 1388 praecepit.

230 1398 244 1440 ᾖ
265 1398 296 1430 4.
323 1398 399 1431 Cum
426 1404 542 1438 autem,
561 1398 684 1431 seclusa
701 1397 831 1431 Paulina
850 1407 922 1430 con-

186 1451 373 1491 stitutione,
406 1451 541 1484 maxime
568 1461 705 1494 aequum
743 1456 774 1484 et
806 1450 920 1483 rationi

185 1514 364 1536 consonum
390 1504 550 1542 rideatur,
578 1510 612 1536 111
644 1503 823 1536 cardinales
856 1503 922 1546 epi-

183 1556 271 1599 scopi
293 1556 493 1598 antiquiores
511 1556 660 1599 praesati,
681 1556 824 1599 quamvis
844 1562 923 1587 tem-

182 1619 262 1652 pore
287 1608 460 1642 vacationis
487 1609 661 1641 decanatus
686 1609 767 1641 sacri
793 1608 921 1650 collegii

182 1671 200 1693 a
224 1661 368 1694 Romana
392 1660 484 1693 Curia
510 1661 626 1701 absint,
645 1666 676 1693 et
692 1661 775 1704 apud
794 1660 921 1704 priores
943 1680 944 1683 =

183 1713 242 1746 sibi
260 1713 446 1746 commissas
472 1713 625 1746 ecclesias
642 1713 858 1757 personaliter
874 1723 921 1744 re-

183 1766 328 1805 sideant,
354 1766 391 1798 ad
424 1766 574 1798 eumdem
611 1765 802 1798 decanatum
837 1776 921 1798 asse-

184 1819 349 1862 quendum
381 1818 506 1851 admitti
543 1818 705 1851 debeant:
744 1824 808 1850 tum
846 1818 1041 1862 quialdnm
1079 1824 1162 1867 apud
1201 1824 1369 1857 ecclesiam
1411 1824 1469 1855 sibi
1508 1824 1700 1856 destinatam

184 1871 245 1914 ipsi
271 1882 304 1904 re
325 1874 396 1904 vera
421 1882 438 1904 a
458 1871 552 1904 Curia
576 1882 641 1904 non
668 1871 783 1904 absunt
808 1882 844 1904 ex
866 1883 920 1905 vo-
941 1879 942 1890 ¹

185 1925 307 1957 luntate
332 1925 398 1964 sua,
422 1924 477 1957 sed
503 1934 539 1956 ex
566 1925 692 1957 formali
718 1925 918 1960 necessitate,
940 1924 942 1935 '

185 1987 266 2016 cum,
285 1987 320 2010 ex
343 1975 522 2009 divinarum
542 1978 833 2020 canonicarumque
851 1987 918 2010 san·

187 2134 304 2176 iugiter
334 2135 477 2168 residere
506 2141 686 2178 cogantur,
720 2137 796 2179 quin
823 2137 918 2169 etiam

185 2186 224 2218 ab
249 2186 295 2219 eis
321 2186 487 2220 discedere
518 2189 639 2231 absque
665 2188 756 2221 Sedis
781 2189 919 2232 Aposto-

185 2239 265 2272 licae
298 2240 428 2273 licentia
459 2251 521 2273 non
547 2241 681 2283 possint,
708 2252 768 2274 nec
793 2243 832 2274 ab
858 2242 920 2274 hoc

184 2292 268 2335 apud
287 2292 375 2335 ipsas
394 2293 556 2326 residendi
575 2304 674 2327 onere
693 2294 832 2338 exempti
847 2294 918 2335 sint,

184 2345 326 2387 quamvis
348 2346 379 2378 in
400 2345 483 2379 Urbe
509 2348 558 2379 vel
585 2347 616 2379 in
642 2348 788 2380 ecelesiis
805 2348 920 2380 subur-

182 2397 324 2439 bicariis,
347 2398 402 2441 qni
435 2399 497 2432 illis
522 2400 553 2431 in
582 2400 708 2433 titulum
741 2406 813 2433 sunt
843 2401 920 2434 assi-

182 2455 307 2491 gnatae,
333 2451 524 2484 commorari
551 2453 682 2491 vellent,
711 2453 919 2496 quemadmo-

184 2503 258 2535 dum
289 2513 442 2545 expresse
479 2504 536 2537 sub
573 2505 767 2547 gravissimis
805 2506 916 2549 poenis

984 197 1038 220 ,1111
1065 197 1112 220 rr.
1617 186 1659 218 95³·

960 245 1079 277 moriae
1106 244 1225 277 Urbani
1252 245 1356 288 Papae
1383 245 1444 277 Vlll
1470 244 1699 287 praedecesso-

962 297 1004 329 ris
1022 297 1145 340 pariter
1164 297 1274 337 nostri,
1291 298 1379 329 cuius
1398 302 1494 330 tenor
1511 301 1557 329 est
1578 297 1631 340 qui
1650 306 1698 327 so-

961 349 1080 392 quitur,
1105 348 1279 381 videlicet:
1309 349 1458 382 Urbanus
1483 350 1578 391 Papa
1600 348 1697 384 VIII.

961 402 1004 433 ad
1017 406 1206 445 perpetuam
1226 402 1273 434 rei
1290 402 1490 434 memoriam.
1511 401 1628 433 Sancta
1644 399 1699 444 Sy-

962 454 1066 486 11011118
1085 454 1272 486 Tridentino
1291 454 1349 486 sub
1365 455 1560 487 recolendae
1578 463 1698 486 memo-

963 506 1030 539 riae
1057 506 1154 539 Paulo
1181 507 1265 549 Papa
1290 507 1327 539 III
1361 507 1614 550 praedecessore
1645 517 1698 539 no-

963 562 1037 598 stro,
1050 558 1135 598 etc.',
1153 559 1261 591 datum
1280 559 1509 602 Romae‚apud
1524 559 1553 592 S.
1568 559 1696 591 Mariam

964 610 1124 650 Maiorem,
1151 611 1209 643 sub
1231 612 1353 644 annulo
1373 611 1553 651 piscatoris,
1581 612 1632 644 die
1656 621 1698 644 xii

963 663 1145 696 decembris
1171 673 1348 703 nncxxxiv,
1369 663 1578 706 pontificatus
1597 664 1697 695 nostri

963 726 1047 748 anno
1065 726 1125 756 xn3
1146 721 1211 748 tum
1231 716 1325 749 etiam
1345 716 1419 759 quia
1440 716 1465 748 si
1492 716 1577 748 iuxta
1596 716 1698 748 Pauli-

963 778 1034 801 nam
1061 768 1326 801 constitutionem
1345 778 1362 801 a
1383 768 1540 800 decanatu
1566 778 1631 800 non
1651 777 1700 799 re-

963 820 1097 863 pellitur
1129 821 1303 863 episcopus
1337 820 1511 853 cardinalis
1538 820 1700 863 antiquior

963 882 1000 906 ex
1017 874 1110 905 causa
1128 873 1257 916 publica
1277 873 1392 906 absens
1414 878 1445 905 et
1463 877 1554 905 extra
1571 872 1698 905 Curiam

962 935 1022 968 per
1037 925 1217 958 Romanum
1239 925 1425 958 Pontificem
1444 925 1639 964 destinatus,
1658 925 1699 957 ob

964 978 1111 1011 eamdem
1137 988 1269 1021 quoque
1302 977 1462 1011 rationem
1494 978 1610 1020 repelli
1636 987 1698 1010 non

963 1030 1081 1064 debere
1107 1030 1234 1063 videtur
1259 1031 1432 1074 episcopus
1451 1030 1624 1063 cardinalis
1644 1040 1699 1062 au-

963 1083 1082 1126 tiquior
1099 1084 1152 1127 qui
1179 1084 1262 1126 apud
1289 1084 1433 1126 priorem
1458 1083 1627 1117 ecclesiam
1653 1093 1701 1115 re·

963 1136 1065 1176 sidet3
1093 1136 1119 1168 is
1157 1136 1242 1168 enim
1274 1147 1347 1169 vere
1382 1146 1398 1168 a
1435 1136 1578 1169 Roman-'1
1608 1134 1699 1167 Curia

964 1188 1075 1221 abesse
1103 1189 1219 1221 dicitur
1243 1200 1278 1221 ex
1304 1190 1399 1221 causa
1426 1189 1567 1232 publica,
1594 1188 1700 1231 publi-

964 1251 1033 1274 cam
1057 1241 1181 1275 scilicet
1211 1241 1413 1284 particularis
1449 1241 1624 1281 ecclesiae,
1650 1241 1698 1273 cui

965 1300 1104 1338 praeest,
1118 1295 1298 1334 utilitatem,
1314 1294 1343 1327 in
1363 1305 1424 1338 qua
1442 1295 1606 1338 publicum
1626 1305 1701 1337 quo-

966 1358 1027 1390 que
1066 1348 1256 1381 universalis
1293 1347 1457 1380 Ecclesiae
1494 1347 1699 1380 commodum

966 1401 1169 1438 continetur,
1202 1400 1419 1444 respicicutc3
1447 1405 1615 1443 practerea
1647 1409 1701 1432 ne-

966 1453 1033 1495 gari
1058 1464 1123 1486 non
1143 1458 1259 1496 potest,
1280 1453 1354 1496 quin
1375 1453 1442 1496 ipsc
1462 1457 1549 1485 extra
1574 1452 1699 1485 Curiam

966 1516 1025 1549 per
1049 1506 1228 1538 Romanum
1256 1506 1443 1538 Pontificem
1481 1505 1577 1537 suerit
1601 1505 1702 1537 desti-

967 1564 1069 1598 natus,
1088 1559 1161 1591 dum
1181 1559 1265 1591 idem
1291 1559 1453 1591 Romanus
1470 1558 1613 1590 Pontifex
1636 1568 1699 1590 non

965 1612 1062 1644 modo
1088 1612 1134 1644 illi
1161 1611 1278 1654 prioris
1303 1611 1459 1643 ecclesiae
1485 1612 1627 1654 regimen
1648 1611 1701 1643 de-

966 1665 1109 1703 stinavit,
1136 1665 1192 1697 sed
1220 1665 1326 1700 etiam,
1353 1671 1388 1697 ut
1412 1664 1613 1696 commissam
1640 1664 1700 1695 sibi

942 1755 943 1759 Ἰ
966 1718 1134 1761 pastoralis
1160 1717 1388 1750 sollicitudinis
1415 1723 1536 1760 partem
1563 1717 1702 1750 cumula-

967 1771 1027 1803 tius
1053 1772 1218 1814 expleret,
1249 1782 1322 1803 cum
1350 1771 1386 1803 111]
1414 1771 1531 1813 iugiter
1556 1770 1701 1803 residen-

965 1876 1024 1908 sub
1050 1876 1247 1919 gravissimis
1278 1877 1308 1908 in
1336 1877 1536 1919 praeinserta
1571 1876 1702 1919 potissi-

963 1939 1048 1961 mum
1085 1928 1203 1961 Urbani
1238 1929 1498 1972 praedecessoris
1540 1929 1701 1962 constitu-

940 2005 941 2013 ,
964 1982 1050 2014 tione
1069 1982 1199 2014 sancitis
1219 1982 1331 2025 poenis
1350 1982 1504 2026 compulit
1522 1987 1551 2014 et
1565 1982 1701 2015 obstrin-

186 2028 327 2061 ctionum
353 2034 384 2061 et
408 2028 540 2062 Concilii
566 2030 771 2073 potissimum
789 2030 918 2063 Tridcn-
939 2035 941 2052 ³

186 2080 243 2112 tini
269 2081 477 2124 praescripto,
503 2083 587 2125 apud
613 2082 740 2125 priores
765 2082 940 2116 eeclesias}

962 2034 1026 2068 xit:
1054 2035 1177 2067 accedit
1203 2035 1409 2078 praemissis,
1436 2035 1522 2078 quod
1553 2035 1592 2067 ab
1619 2034 1700 2067 eius-

962 2088 1048 2120 modi
1082 2088 1265 2121 exclusione
1299 2088 1530 2130 episcoporum
1555 2087 1701 2120 cardina-

962 2141 1039 2173 lium
1065 2141 1284 2183 antiquiorum
1319 2146 1408 2172 extra
1440 2141 1616 2173 Romanam
1642 2140 1701 2173 Cu-

963 2193 1040 2225 riam
1069 2193 1098 2225 111
1125 2193 1290 2236 prioribus
1315 2193 1461 2226 ecclesiis
1486 2193 1698 2226 residentium

963 2246 1133 2278 maximum
1171 2246 1249 2278 illud
1290 2251 1458 2289 promanat
1494 2245 1697 2285 absurdum,

964 2299 1048 2340 quod
1074 2298 1200 2331 alienae
1226 2298 1339 2330 mortis
1372 2298 1564 2331 detestabile
1590 2304 1698 2331 votum

963 2349 1137 2392 ingeritur;
1158 2361 1240 2389 nam,
1262 2350 1342 2382 sicut
1367 2350 1564 2393 accepimus,
1591 2356 1622 2383 et
1647 2362 1700 2383 no¹

962 2401 1011 2433 bis
1033 2403 1127 2434 etiam
1154 2403 1230 2445 ipsis
1256 2403 1401 2435 evenisse
1428 2413 1490 2435 non
1517 2403 1699 2442 diffitemur,

963 2455 1067 2487 statim
1093 2466 1128 2487 ac
1150 2455 1322 2488 cardinalis
1341 2457 1423 2489 sacri
1450 2457 1580 2499 collegii
1607 2457 1699 2489 deca—

1000 2526 1008 2551 1
1032 2525 1256 2552 Constitutionem
1279 2524 1377 2552 Urbani
1397 2525 1454 2553 Vlll
1477 2526 1535 2553 vide
1556 2529 1620 2554 tom.
1643 2532 1697 2562 xw,

183 2561 310 2589 cavetur
326 2556 483 2599 peculiari
501 2558 733 2591 constitutione
760 2559 831 2602 piae
858 2570 917 2593 me-
962 2577 1021 2604 ρας.
1045 2569 1095 2595 457
1116 2569 1130 2596 b
1150 2572 1174 2596 et
1195 2578 1254 2604 seq.
1275 2569 1314 2605 (11.
1334 2571 1380 2604 τ).

1708 195 1755 220 ΑΗ.
1774 193 1801 219 Γ..
1827 193 1892 220 ¹72AE
