2170 3147
39 210 92 237 An.
113 208 140 235 C.
163 208 227 235 1721

89 691 137 711 Eius
151 692 218 712 oilna,

37 717 87 739 vita.
103 720 187 737 §tillitus
199 719 219 736 et.

226 260 323 295 verat,
343 254 483 288 omnium
504 254 764 288 christifidelium
783 254 962 287 imitatione

227 308 453 352 exprimendos
478 308 743 350 praepositurus.
768 308 853 340 inter
877 312 964 339 ecte—

225 373 278 394 ros
314 372 411 394 unum
453 361 552 402 elegit
595 361 817 393 venerabilem
860 360 962 392 virum

226 415 410 457 Philippum
436 414 596 447 Benitium
622 424 659 446 ex
685 413 805 445 familia
830 414 963 445 fratrum

225 468 397 500 Servorum
425 468 458 500 P».
481 467 521 500 M.
539 467 689 507 Virginis,
709 476 814 509 quem,
832 466 872 498 oh
891 476 965 497 san-

227 520 368 553 ctitatem
391 530 427 552 ex
450 520 511 552 ritu
532 519 610 552 SR.
624 519 658 551 E.
678 520 848 561 probatam
868 524 964 561 atque

227 573 440 615 recognitam,
466 573 585 615 uhique
603 572 777 605 colendum
800 572 965 604 honoran-

229 626 369 668 dumque
396 626 600 658 decerneret.

273 679 287 721 ἓ
312 678 343 710 ⁶2.
371 678 541 720 Philippus
573 677 756 710 Florentiae
787 676 963 709 Tuscorum

36 750 95 767 ιω...
127 742 314 764 innuit-ranno
340 731 455 764 Christi
474 730 601 763 Domini
619 739 794 767 aiccxxxiu,
817 729 891 761 dum
914 739 965 760 an-

36 773 179 790 recensentur.

229 794 292 816 nna
330 784 407 816 festa
442 789 617 826 agerentur
642 783 676 815 ss.
704 782 743 815 M.
766 782 905 824 Virginis
933 781 963 813 in

229 838 353 870 caelum
378 837 575 880 Assumptae,
595 846 688 879 aqua
713 846 785 869 eum
812 839 964 878 parentes

228 891 380 933 precibus
397 890 657 934 impetraverant,
676 889 815 921 familiae
832 888 962 920 fratrum

229 944 397 977 Servorum
423 943 565 976 eiusdem
595 942 736 984 Yirginis
768 941 884 974 codem
912 941 962 973 die

230 1002 324 1039 atque
349 1006 433 1028 anno
459 995 622 1028 institutae
649 1004 799 1037 magnum
826 994 896 1037 ipsc
918 1004 964 1026 or-
985 1011 986 1026 t

229 1054 417 1082 namentum
445 1049 579 1088 futurus,
605 1048 635 1080 in
655 1049 758 1081 lucem
780 1047 885 1080 editus
903 1052 962 1079 cst.

229 1101 374 1134 Lutetiae
400 1107 430 1133 et
454 1101 573 1134 Patavii
599 1101 714 1134 studiis
735 1111 900 1133 sacrarum
919 1099 965 1132 lit-

230 1159 370 1187 terarum
394 1154 564 1195 absolutis,
587 1154 650 1187 hoe
676 1153 812 1186 assiduis
838 1152 965 1186 ieiuniis

229 1213 260 1239 et
285 1207 485 1240 orationibus
519 1218 536 1240 a
571 1207 708 1240 Domino
745 1206 896 1244 obtinuit,
932 1211 967 1237 ut.

228 1260 312 1294 Ordo
338 1261 474 1294 fratrum
498 1261 671 1294 Servorum
696 1261 731 1293 B.
758 1260 876 1292 Mariae
898 1259 966 1291 Yir-

229 1314 323 1357 ginis,
349 1315 399 1347 cui
425 1325 544 1348 nomen
570 1315 680 1353 daret,
707 1314 767 1346 sibi
793 1323 966 1356 praemon-

229 1372 406 1400 straretur:
422 1367 511 1400 cuius
528 1367 656 1400 Ordinis
676 1372 795 1400 restem
813 1367 845 1398 in
864 1366 965 1398 classe

230 1419 387 1452 laicorum
424 1420 465 1452 ol)
498 1419 690 1452 modestiam
728 1419 882 1456 indutus,
908 1418 966 1451 ali-

230 1472 382 1515 quamdiu
423 1473 599 1506 solitariam
637 1473 733 1505 vitam
776 1472 807 1504 in
851 1472 966 1505 Montis

229 1525 354 1558 Senarii
380 1535 489 1558 eremo
515 1536 613 1568 supra
638 1525 835 1558 Florentiam
863 1525 966 1557 tradu-

229 1578 283 1610 xit.
312 1578 516 1611 Postmodum
541 1588 578 1611 ex
604 1577 789 1611 obedientia
814 1578 851 1609 ad
878 1588 966 1620 pres-

229 1630 410 1673 byteratum
446 1635 587 1669 evectus,
624 1630 827 1673 terrenisque
868 1631 965 1663 relius

229 1683 271 1715 ob
297 1683 485 1716 caelestium
518 1683 825 1726 contemplationem
851 1683 964 1726 despe-

229 1736 300 1776 ctis
325 1737 424 1769 verbo
453 1736 508 1769 Dei
534 1737 772 1779 promulgando
803 1747 836 1769 se
863 1742 963 1770 totum

229 1789 363 1828 addixit,
379 1799 524 1833 suaeque
543 1789 681 1822 familiae
695 1790 856 1832 generalis
873 1801 965 1833 prae-

230 1842 349 1881 fectus,
379 1842 411 1874 in
443 1853 538 1875 unam
564 1843 647 1876 hanc
677 1853 786 1887 curam
813 1844 965 1877 ardenter

229 1895 392 1934 incubuit,
417 1902 452 1928 ut
475 1907 534 1939 per
558 1907 591 1929 se
617 1907 755 1940 suosque
781 1897 875 1930 variis
902 1898 964 1930 lin-
985 1907 987 1940 ζ

229 1948 300 1990 guis
326 1947 501 1982 instructos
530 1949 648 1982 Christi
676 1949 802 1982 Domini
827 1950 964 1993 Evange-

229 2001 308 2034 lium
318 2001 437 2044 ubique
451 2001 705 2044 praedicandum
720 2008 861 2035 curaret:
877 2004 963 2047 quod

230 2054 311 2096 ipse,
338 2054 451 2086 salutis
468 2055 647 2087 animarum
665 2055 875 2100 percupidus,
896 2057 966 2089 nul-

230 2106 336 2149 lisque
356 2106 508 2149 periculis
523 2107 662 2147 territus,
683 2108 797 2142 scdulo
813 2111 964 2153 tantaque

231 2158 396 2191 alacritate
420 2169 516 2201 agere
542 2161 720 2200 consuevit,
739 2167 774 2194 ut
791 2161 861 2194 eius
883 2162 965 2195 fama

231 2216 397 2253 permotus
422 2212 493 2255 piae
528 2213 706 2246 memoriae
741 2213 891 2247 Clemens
909 2215 965 2248 Pa-

230 2275 271 2306 pa
295 2264 331 2296 IV
356 2265 510 2298 decessor
533 2271 643 2299 noster
668 2277 740 2299 eum
762 2267 822 2299 sibi
841 2273 965 2311 aposto-

231 2317 327 2350 licum
344 2318 605 2352 concionatorem
625 2319 795 2362 adlegerit.
815 2320 966 2353 Peccato-

231 2379 283 2402 res
308 2370 348 2402 ad
372 2370 473 2404 Deum
490 2382 715 2412 conversurus,
733 2372 878 2411 Galliam,
891 2372 967 2405 Ger-

229 2423 380 2462 maniam,
413 2424 548 2458 Frisiam
579 2431 611 2458 et
638 2425 846 2459 Sarmaticam
871 2436 966 2470 pera-

231 2476 340 2518 gravit,
357 2477 538 2521 eodemque
553 2478 606 2520 pio
623 2478 770 2511 instituto
793 2479 966 2512 Pistorien-

227 2539 296 2563 sem
338 2530 515 2571 civitatem,
560 2531 695 2563 funestis
731 2531 965 2573 gibellinorum

230 2583 475 2626 guelforumque
491 2584 573 2616 odiis
588 2584 752 2623 laniatam,
769 2585 963 2620 christianae

808 186 1004 229 >mmmmm
1031 206 1047 229 X
1055 206 1087 229 lll
1114 206 1162 230 ΓΡ.

984 415 986 426 “
1007 413 1183 453 gibellinae
1211 412 1358 445 factionis
1390 413 1512 452 duces,

1688 195 1705 210 ἢ

1688 211 1707 227 ι)

1006 255 1203 288 concordiae
1238 255 1397 294 restituit;
1435 255 1521 287 unde
1549 254 1685 290 sactum,
1711 258 1745 286 ut

1007 309 1143 349 plures,
1170 307 1225 340 Dei
1252 307 1355 340 virum
1394 307 1570 345 imitaturi,
1596 316 1647 340 res
1672 316 1745 339 suas

1008 360 1206 403 pauperibus
1231 366 1416 402 erogarent,
1448 360 1574 403 ipsique
1598 359 1745 403 primarii

1546 413 1583 445 ad
1610 423 1667 445 cor
1692 422 1744 444 re-

1008 465 1153 503 deuntes,
1179 465 1366 507 religiosum
1393 466 1535 508 Philippi
1563 466 1744 498 institutum

1008 518 1295 560 amplecterentur.
1321 518 1470 550 Summae
1493 518 1560 550 cius
1579 517 1746 551 charitatis

1009 570 1116 602 fervor
1146 570 1266 610 eluxit,
1292 570 1346 603 ubi
1380 571 1616 613 eleemosynam
1654 571 1745 613 flagi-

1010 623 1087 655 tanti
1114 622 1302 655 intcriorem
1328 629 1447 656 vestem
1478 623 1540 655 sibi
1572 623 1745 656 detractam

1009 676 1140 708 Viterhii
1167 676 1301 718 largitus
1328 682 1389 714 cst,
1409 687 1471 719 qua
1490 687 1613 719 pauper
1637 682 1746 709 conte·
1788 673 1795 676 ’

1008 734 1075 761 ctus
1101 739 1117 762 e
1142 730 1257 762 morbo
1283 729 1374 772 lepra
1396 729 1571 761 convaluit.
1599 728 1746 771 Magnum

1009 792 1137 825 quoque
1175 782 1240 815 Deo
1286 782 1506 824 gratissimum
1548 782 1745 815 christianae

1009 835 1150 868 lenitatis
1175 840 1402 877 argumentum
1440 834 1563 874 edidit,
1590 835 1666 867 dum
1697 834 1747 867 Li-

1009 888 1127 921 viensis
1158 888 1270 931 populi
1309 888 1340 920 in
1378 888 1506 921 [Emilizi
1542 888 1679 921 crimina
1715 894 1747 921 et

1009 951 1113 974 mores
1139 952 1199 985 pro
1232 942 1389 974 concione
1421 941 1614 985 corripiens,
1649 941 1746 984 virgis

1009 1005 1121 1027 caesus
1146 994 1295 1038 saxisque
1321 994 1496 1038 impetitus,
1516 1005 1575 1038 pro
1602 1004 1747 1037 persecu-

1009 1048 1134 1081 toribus
1162 1052 1251 1080 tanto
1277 1047 1390 1090 spiritu
1417 1047 1515 1080 Deum
1542 1047 1696 1086 exoravit,
1714 1053 1746 1079 ut

1009 1112 1045 1133 cx
1073 1100 1122 1133 his
1148 1090 1246 1133 unum
1270 1100 1482 1143 Peregrinum
1507 1100 1547 1133 ad
1575 1100 1746 1142 poeniten-

1011 1154 1086 1187 tiam
1112 1155 1259 1193 traxerit,
1286 1154 1356 1197 qni,
1383 1153 1522 1197 Philippi
1550 1154 1745 1196 religionem

1010 1208 1187 1248 ingressus,
1212 1217 1269 1240 sua
1295 1212 1327 1240 et
1352 1206 1468 1239 civium
1502 1213 1634 1250 peecata
1659 1207 1747 1240 dele-

1011 1261 1062 1299 vit,
1088 1267 1201 1303 postca
1226 1266 1257 1293 et
1281 1260 1349 1303 ipse
1371 1260 1497 1293 eximiis
1522 1260 1696 1293 virtutibus
1716 1265 1748 1293 et

1009 1314 1173 1347 miraculis
1210 1314 1359 1352 florens,
1385 1319 1557 1356 propterca
1593 1324 1652 1357 per
1688 1323 1747 1347 nos

1010 1366 1112 1409 ipsos,
1155 1366 1280 1399 favente
1319 1367 1402 1405 Deo,
1439 1366 1676 1410 quamprimum
1714 1366 1746 1398 in

1009 1419 1200 1452 Sanctorum
1226 1429 1384 1452 canonem
1405 1420 1607 1453 referendus.
1629 1419 1748 1462 Philip-

1009 1481 1066 1515 pus
1093 1477 1235 1505 veterum
1261 1472 1534 1505 anachoretarum
1560 1483 1669 1505 mores
1694 1483 1747 1505 ae-

1010 1525 1125 1558 mulari
1151 1523 1294 1564 studens,
1321 1525 1351 1557 in
1377 1531 1520 1569 cryptam
1553 1525 1668 1558 Montis
1693 1525 1748 1559 Se-

1009 1579 1102 1618 narii,
1129 1578 1193 1612 Deo
1220 1578 1355 1611 liberius
1374 1584 1555 1618 vacaturus,
1573 1579 1749 1622 quadrien-

1009 1634 1096 1666 nium
1129 1633 1278 1666 secess'it.
1317 1633 1439 1666 Ceteris
1476 1633 1545 1665 eius
1577 1633 1747 1666 virtutibus

1009 1696 1065 1728 par
1092 1685 1147 1718 fuit
1180 1686 1288 1718 cordis
1315 1685 1504 1723 humilitas,
1529 1696 1593 1730 qua
1625 1686 1746 1729 patriae

1009 1738 1163 1771 ecclesiae
1178 1738 1398 1782 episcopatum
1416 1738 1551 1782 respuit.
1571 1738 1746 1771 Viterbium

1008 1791 1082 1823 inde
1108 1801 1288 1834 properans
1313 1797 1384 1834 post
1408 1791 1494 1835 piam
1514 1791 1747 1824 dormitionem

1008 1845 1187 1877 decessoris
1213 1844 1314 1877 nostri
1340 1844 1514 1877 Clementis
1540 1844 1597 1877 Pr.
1617 1844 1662 1884 IV,
1682 1845 1746 1885 ubi,

1008 1908 1064 1941 per
1088 1897 1282 1930 ffltobonum
1309 1897 1340 1930 S.
1361 1897 1398 1930 R.
1418 1897 1453 1930 Ε.
1482 1898 1655 1930 diaconum
1680 1909 1748 1931 car-

1008 1951 1150 1984 dinalem
1170 1951 1201 1984 S.
1222 1950 1386 1990 Hadriani,
1412 1951 1528 1994 suique
1549 1950 1677 1984 Ordinis
1695 1961 1749 1995 pa-

1009 2009 1147 2042 tronum,
1166 2003 1226 2036 sibi
1249 2003 1357 2037 oblata
1380 2003 1546 2047 pontificia
1572 2003 1746 2047 dignitate,

1008 2058 1113 2100 palam
1138 2067 1172 2089 se
1198 2057 1368 2099 indignum
1403 2057 1580 2100 professus,
1611 2057 1644 2089 in
1674 2058 1749 2090 soli-

1009 2110 1153 2143 tudinem
1178 2110 1341 2151 remeavit,
1367 2110 1471 2153 ipsum
1495 2110 1692 2143 Ottobonum
1709 2112 1749 2144 ad

1009 2168 1131 2196 tantum
1157 2162 1318 2205 fastigium
1346 2162 1561 2203 evehendum,
1581 2163 1638 2196 sed
1658 2163 1747 2196 brevi

1007 2226 1045 2249 eo
1071 2216 1247 2258 potiturum
1273 2215 1475 2248 vaticinatus.
1513 2215 1540 2247 ts
1570 2216 1628 2248 fuit
1658 2222 1748 2249 ante-

1006 2279 1119 2302 cessor
1143 2275 1255 2301 noster
1273 2269 1345 2311 piac
1364 2269 1537 2302 memoriae
1564 2270 1746 2302 lladrianus

1008 2322 1092 2365 Papa
1111 2322 1144 2354 V.
1168 2322 1228 2355 Sed
1255 2322 1424 2365 Philippus
1444 2322 1617 2365 religiosae
1635 2323 1748 2356 solitu-

1008 2375 1091 2408 dinis
1118 2385 1226 2408 amore
1258 2380 1389 2418 captus,
1414 2386 1515 2418 quum
1541 2375 1658 2408 iterum
1684 2381 1748 2408 tres

1008 2438 1136 2460 menses
1164 2427 1194 2459 in
1220 2430 1330 2471 crypta
1350 2427 1466 2460 Montis
1484 2428 1608 2461 Senarii
1630 2429 1749 2461 latitas-

1009 2485 1069 2520 set,
1097 2480 1136 2513 ab
1162 2480 1226 2513 alio
1252 2481 1390 2524 inclytae
1424 2481 1660 2514 recordationis
1694 2482 1749 2514 de-

1008 2543 1136 2566 cessore
1162 2538 1272 2566 nostro
1298 2534 1443 2568 llonorio
1470 2534 1555 2578 Papa
1585 2534 1619 2566 lv
1651 2534 1747 2567 Peru—

1008 2586 1075 2619 sia-e
1113 2586 1292 2628 pontificali
1318 2587 1547 2619 benedictione
1574 2587 1716 2619 minutus
1735 2614 1743 2627 ,

1755 205 1805 230 Λη.
1826 204 1855 231 C.
1876 204 1942 233 ¹794
