2170 3147
0 294 20 315 ι.
40 285 69 314 C.
85 285 154 313 1727

748 282 944 306 BENEDICTUS
970 282 1025 305 xm
1051 282 1098 305 Pr.

164 332 356 373 redemptoris
378 336 406 362 et
429 331 626 371 procuratoris
645 331 806 370 generalis,
827 341 900 370 qnae

164 382 241 412 iuxta
264 381 354 411 nostri
378 380 495 411 Ordinis
513 380 738 409 constitutiones
755 379 900 418 provideri

164 429 270 460 debent
304 429 333 459 in
366 428 530 458 definitorio
566 428 694 465 generali
731 428 901 457 immediato

163 478 289 517 capitulo
322 477 449 516 generali
483 476 641 516 praedicto.
675 494 713 498 —
744 484 793 505 vn.
820 475 900 510 Quod

163 536 214 566 pro
237 527 289 556 bac
312 527 397 556 unica
421 525 513 564 prima
537 526 599 555 vice
623 525 823 563 supradictum
856 533 902 553 ca—

163 576 287 615 pitulum
311 580 338 605 et
360 574 557 605 definitorium
582 573 760 613 provinciale
791 573 903 612 possint

163 625 322 663 respective
349 623 577 662 unumquodque
605 622 746 660 reeligere
780 626 808 651 et
839 631 904 660 pro-

164 673 262 702 videre
299 673 327 702 in
364 673 473 702 eisdem
510 672 634 707 officiis,
673 675 759 709 prout
799 670 903 699 melius

165 721 301 760 expedire
324 721 395 760 ipsis
418 721 566 756 videatur,
590 720 655 749 illos
678 720 727 758 qui
752 728 802 758 per
832 720 904 747 duo-

164 779 229 799 rum
262 778 405 799 annorum
439 769 564 808 spatium
596 772 708 798 tantum
744 766 901 806 praelibata

164 818 259 848 officia
282 818 476 847 exercuerint.
504 835 543 839 —
572 825 620 846 vn.
646 816 724 851 Quod
755 825 905 855 suprame-

165 866 270 896 morati
300 866 434 895 undecim
468 866 582 895 vocales
615 865 765 894 convocati
798 864 904 894 litteris

165 915 357 954 praesidentis
399 915 519 954 capituli
554 914 742 953 provincialis
784 913 903 943 insimul

165 964 331 1002 congregati
349 964 377 993 in
404 963 488 992 domo
504 963 670 1002 capitulari,
694 972 759 993 cum
783 963 904 992 consilio

165 1016 192 1042 et
214 1022 333 1042 assensu
367 1012 495 1041 ministri
518 1011 664 1050 generalis
687 1021 737 1051 pro
760 1021 853 1047 nunc,
878 1015 905 1040 et

165 1061 194 1090 in
218 1061 346 1090 futurum
370 1069 435 1089 cum
459 1060 581 1090 consilio
597 1064 625 1089 et
641 1069 761 1089 assensu
778 1059 904 1089 ministri

165 1113 213 1139 aut
231 1109 421 1139 commissarii
440 1110 596 1147 generalis,
614 1109 722 1147 eligant
742 1109 905 1148 provincia-

165 1158 222 1187 lem
245 1162 272 1187 et
295 1163 418 1197 quatuor
450 1159 619 1188 definitores
653 1159 831 1197 provinciae,
856 1159 904 1197 qui

165 1207 242 1236 inter
263 1216 293 1236 se
315 1207 470 1237 servabunt
488 1208 618 1238 ordinem
637 1210 771 1247 propriae
788 1209 906 1238 electio—

165 1256 211 1285 nis
233 1256 261 1285 in
285 1256 498 1294 praecedendo,
523 1266 634 1286 necnon
666 1257 775 1294 eligant
804 1265 921 1286 omnes*

165 1304 314 1333 ministros
327 1304 494 1343 provinciae
509 1309 537 1334 et
551 1305 700 1334 ministros
716 1309 782 1334 artu
798 1305 904 1342 socios⁷

166 1353 215 1391 qui
237 1353 355 1392 quidem
379 1353 522 1391 eligentur
544 1363 578 1383 ex
608 1354 664 1383 iam
693 1354 794 1383 electis
822 1354 907 1383 mini-

166 1401 246 1437 stris,
260 1402 297 1431 ita
311 1403 386 1441 quod
400 1402 480 1440 prius
493 1402 637 1440 eligantur
650 1402 775 1432 ministri
792 1411 904 1439 omnes,

166 1454 194 1479 et
215 1455 313 1490 postea
336 1460 371 1479 ex
394 1451 537 1480 ministris
552 1451 609 1480 iam
633 1451 746 1489 electis,
763 1451 906 1480 electione

166 1498 304 1528 distincta
331 1503 359 1528 et
382 1500 555 1537 posteriori,
579 1500 726 1537 eligantur
748 1500 818 1529 socii
842 1504 907 1529 actu

166 1547 305 1585 ministri,
331 1552 394 1586 post
417 1558 489 1587 quos
511 1548 657 1586 eligantur
685 1549 755 1578 socii
778 1549 807 1578 in
830 1549 907 1578 dese-

167 1599 263 1632 ctum,
292 1596 341 1635 qui
365 1606 421 1626 non
444 1597 646 1635 ingrediantur
668 1598 697 1627 in
721 1598 839 1627 domum
863 1607 907 1627 ca-

167 1644 335 1683 pitularem,
360 1645 409 1674 sed
432 1650 646 1675 commorantes
671 1646 700 1675 in
730 1646 795 1675 aliis
818 1646 908 1675 domi-

168 1693 221 1723 bus
244 1694 384 1732 proximis
407 1694 505 1723 domui
528 1695 696 1733 capitulari,
715 1699 829 1734 praesto
851 1695 909 1724 sint

167 1741 201 1771 ad
225 1742 419 1781 supplendum
443 1743 587 1773 desectum
620 1744 829 1783 cuiuscumque
856 1754 909 1773 un-

167 1789 260 1819 decim
283 1791 501 1829 capitularium,
520 1792 558 1821 ita
583 1792 658 1831 quod
678 1793 789 1831 primus
811 1793 909 1822 socius

168 1838 197 1867 in
220 1838 363 1868 desectum
388 1840 482 1878 primo
499 1840 646 1870 subintret
669 1845 696 1870 et
718 1842 864 1880 suppleat,
882 1846 909 1871 et

169 1887 312 1917 secundus
344 1889 440 1918 socius
462 1889 491 1918 in
514 1889 657 1919 desectum
689 1890 817 1920 secundo
846 1891 909 1919 loco

170 1935 304 1974 suppleat
326 1940 355 1965 et
377 1937 533 1973 subintret,
550 1947 603 1967 nec
620 1943 715 1968 tamen
732 1939 910 1978 supplebunt

170 1987 220 2012 aut
236 1983 443 2014 subintrabunt
465 1985 494 2014 in
517 1986 656 2024 qualitate
672 1992 721 2017 aut
737 1988 909 2017 auctoritate

171 2031 441 2070 deficientium,sed
456 2033 637 2064 solummodo
653 2035 687 2064 ad
704 2036 908 2075 complendum

172 2084 200 2108 et
215 2079 420 2118 integrandum
436 2091 591 2111 numerum
605 2083 739 2113 undecim
753 2084 908 2114 vocalium.

172 2144 210 2150 —
225 2136 264 2157 lx.
282 2127 362 2163 Quod
385 2138 491 2159 novum
508 2130 705 2160 desmitorium
730 2132 910 2170 provinciale

175 2175 299 2206 electum
324 2177 352 2206 in
376 2178 543 2216 supradicto
567 2179 738 2218 provinciali
761 2180 909 2219 capitulo,

175 2224 267 2263 nigris
289 2229 317 2255 et
346 2225 418 2255 albis
441 2226 514 2256 fabis
535 2226 624 2265 eliget
645 2228 860 2267 redemptorem
883 2233 911 2259 et

173 2273 301 2312 priorem
334 2277 362 2303 et
394 2274 571 2304 chronistam
606 2276 795 2314 provinciae,
827 2281 911 2316 atque

175 2322 352 2362 redemptori
376 2327 403 2352 et
425 2323 515 2362 priori
538 2324 668 2361 generali
684 2325 805 2363 legalem
823 2325 912 2355 facui-

174 2374 263 2400 tatem
291 2371 486 2410 impartiatur.
508 2390 542 2394 —
566 2381 594 2401 x.
618 2372 699 2408 Quod
727 2373 755 2402 in
785 2374 911 2413 capitulo

174 2419 303 2456 generali
320 2419 493 2449 celebrando
516 2430 591 2450 anno
614 2429 782 2451 iinccxxvni
805 2432 838 2451 ex
862 2432 911 2451 sex

174 2467 378 2497 definitoribus
407 2468 611 2505 generalibus,
636 2470 685 2508 qui
714 2470 781 2507 eligi
804 2471 912 2501 debent

173 2524 208 2545 ex
232 2519 292 2545 toto
314 2516 433 2553 Ordine,
458 2517 583 2554 eligatur
604 2527 680 2547 unus
703 2519 752 2557 qui
775 2519 812 2549 sit
835 2520 911 2550 fitius

175 2564 342 2603 provinciae
358 2563 386 2594 S.
405 2564 554 2595 [oachimi.
574 2583 609 2588 —-
626 2576 667 2596 xi.
685 2567 765 2602 Quod
781 2568 911 2606 supradi-

174 2617 252 2643 ctum
285 2613 444 2652 capitulum
478 2614 658 2653 provinciale
691 2616 781 2655 possit
817 2616 910 2647 facere

174 2666 279 2694 statum
306 2667 334 2694 et
362 2663 560 2695 ordinationes
583 2664 771 2704 respicientes
801 2664 910 2697 bonum

945 330 1121 369 particulare
1145 329 1309 369 praedictae
1327 328 1506 368 provinciae,
1525 327 1683 358 dummodo

945 379 973 407 in
989 379 1068 408 nullo
1082 379 1303 408 contrarientnr
1315 378 1390 407 bono
1409 377 1546 416 regimini
1564 381 1591 406 et
1608 376 1684 414 rigo-

944 427 1048 456 rosiori
1068 426 1270 456 observantiae
1288 426 1377 456 nostri
1401 425 1526 455 instituti
1550 425 1578 454 in
1603 434 1685 463 prae-

923 494 924 499 =
945 476 1020 505 dicta
1050 476 1212 514 provincia.
1237 493 1269 496 —
1295 485 1344 504 xn.
1369 474 1447 510 Quod
1472 474 1500 503 in
1529 483 1597 503 casu
1627 483 1684 512 quo

946 524 1083 554 minister
1099 524 1247 562 generalis
1263 524 1394 553 nominet
1410 527 1437 552 et
1453 523 1585 560 designet
1603 531 1686 561 prae-

946 573 1035 602 sidem
1061 573 1180 611 rapituli
1205 573 1393 611 provincialis
1415 572 1540 610 aliquem
1567 581 1601 600 ex
1629 571 1685 600 alio

946 621 1049 660 quovis
1073 621 1158 650 titulo
1181 621 1321 658 vocalem,
1339 626 1408 650 tunc
1428 620 1561 649 minister
1583 620 1685 648 domus

947 669 1116 708 capitularis
1140 668 1243 698 babeat
1263 674 1360 699 votum
1378 669 1406 698 in
1423 668 1551 707 capitulo
1568 667 1686 706 provin-

947 718 1030 753 ciali,
1055 717 1129 755 quod
1154 717 1176 746 si
1201 718 1336 747 minister
1358 718 1406 746 ille
1429 717 1517 746 suerit
1540 726 1574 745 ex
1597 716 1685 745 sociis

948 766 1129 803 actualibus,
1155 770 1224 795 tunc
1246 766 1382 795 succedat
1405 770 1432 795 et,
1456 765 1562 794 babeat
1583 764 1687 793 suffra-

948 815 1027 853 gium
1057 815 1085 844 in
1115 815 1243 853 capitulo
1273 815 1323 853 qui
1350 815 1460 853 primus
1491 814 1600 843 electus
1632 813 1685 842 suit

948 864 1045 893 socius
1067 864 1097 893 in
1121 864 1277 894 desectum.
1297 882 1335 887 —
1359 873 1418 893 xiii.
1443 863 1523 898 Quod
1546 863 1575 892 in
1599 871 1685 898 casn,

948 922 1005 952 quo
1028 918 1092 951 post
1114 913 1224 942 trinum
1241 913 1249 929 ¹
1272 912 1447 942 scrutinium
1465 911 1610 941 discordia
1629 911 1687 939 sul'-

948 962 1109 1000 sragiorum
1143 962 1317 992 electionem
1351 970 1408 990 non
1444 960 1620 999 perfecerit,
1654 968 1687 988 eo

949 1011 1012 1049 ipso
1036 1010 1177 1040 habeatur
1201 1015 1347 1049 tamquam
1367 1010 1495 1047 legitime
1511 1009 1621 1038 electus
1637 1017 1688 1037 an-

949 1059 1058 1098 tiquior
1074 1060 1102 1089 in
1120 1059 1235 1097 ordine,
1255 1068 1305 1098 pro
1319 1058 1393 1097 quo²
1407 1058 1520 1088 steterit
1538 1057 1688 1096 pluralitas

950 1113 1094 1144 votorum,
1119 1108 1187 1138 licet
1209 1108 1365 1138 excedatur
1388 1107 1422 1136 ab
1445 1107 1502 1136 alio
1525 1106 1621 1136 minus
1638 1115 1688 1135 an·

950 1158 1029 1196 tiquo
1046 1157 1074 1187 in
1092 1166 1213 1187 numero
1236 1156 1454 1195 sussragiormn.
1473 1172 1510 1178 —
1532 1164 1589 1185 xiv.
1607 1154 1686 1190 Quod

950 1216 1057 1236 novum
1081 1206 1279 1236 dessnitorium
1310 1205 1489 1245 provinciale
1518 1208 1582 1243 post
1610 1204 1688 1242 capi-

951 1256 1042 1285 tulum
1071 1255 1250 1294 provinciale
1278 1254 1444 1283 immediate
1477 1257 1686 1291 congregetur,

950 1309 976 1333 et
993 1304 1079 1342 eligat
1103 1304 1337 1342 redemptorem,
1362 1307 1580 1341 procuratorem
1603 1311 1690 1339 gene-

950 1353 1039 1381 ralem
1063 1357 1090 1381 et
1113 1353 1303 1381 cbronistam.
1323 1369 1356 1372 —
1380 1360 1429 1380 xv,
1452 1351 1532 1386 Quod
1555 1350 1691 1379 delinito-

950 1401 1025 1430 rium
1059 1400 1237 1439 provinciale
1266 1405 1461 1438 congregetur
1488 1400 1522 1429 de
1556 1399 1689 1429 semestri

950 1450 979 1478 in
1013 1454 1183 1479 semestrem
1218 1449 1245 1478 in
1277 1449 1381 1486 domo,
1406 1457 1492 1487 quam
1525 1447 1690 1485 designabit

951 1498 985 1527 de
1008 1507 1066 1527 uno
1091 1498 1120 1527 in
1143 1497 1223 1527 aliud
1247 1497 1446 1527 definitorium
1480 1497 1541 1526 sive
1569 1505 1689 1534 congre-

951 1547 1109 1584 gationem.
1127 1564 1166 1569 —
1181 1555 1239 1575 ΧΠ.
1254 1546 1334 1581 Quod
1351 1546 1552 1575 definitorium
1572 1545 1690 1584 provin-

950 1595 1022 1624 ciale
1040 1596 1209 1633 congregari
1233 1594 1336 1624 debeat
1359 1604 1392 1624 ex
1417 1598 1499 1633 patre
1519 1593 1690 1633 provinciali

952 1645 1147 1683 praesidente,
1166 1649 1193 1673 et
1210 1654 1243 1673 ex
1263 1648 1389 1683 quatuor
1405 1642 1609 1673 definitoribus
1626 1652 1692 1681 pro-

952 1693 1136 1729 vincialibus,
1154 1693 1203 1731 qui
1220 1702 1321 1722 omnes
1337 1692 1498 1722 decisivum
1518 1690 1690 1729 suin—agium

952 1742 1088 1779 babeant,
1112 1747 1139 1771 et
1162 1742 1281 1771 insimul
1316 1741 1427 1780 possint
1461 1741 1615 1770 admittere
1647 1749 1691 1770 re-

952 1791 1168 1826 nunciationes,
1186 1795 1213 1820 et
1230 1791 1324 1820 facere
1347 1790 1506 1819 electiones
1528 1794 1555 1819 et
1577 1789 1693 1818 ordina-

953 1840 1057 1875 tiones,
1083 1844 1110 1869 et.
1132 1840 1227 1868 omnia
1252 1839 1317 1873 illa,
1341 1839 1503 1878 respective
1525 1838 1559 1867 ad
1584 1838 1691 1867 dictam

953 1889 1150 1927 provinciam,
1175 1897 1249 1926 quae
1273 1887 1473 1916 definitorium
1496 1887 1631 1925 generale
1654 1888 1693 1915 sa-

952 1947 1017 1967 cere
1047 1941 1141 1975 potest
1170 1936 1335 1975 respective
1362 1936 1396 1965 ad
1425 1940 1517 1965 totum
1540 1935 1691 1965 Ordinem.

952 2003 990 2008 -—
1005 1994 1076 2014 xvu.
1094 1985 1174 2020 Quod
1190 1984 1393 2023 supradictum
1411 1984 1610 2013 delinitorium
1628 1993 1694 2023 pro-

953 2034 1077 2063 vinciale
1110 2033 1195 2063 debet
1224 2033 1317 2063 facere
1345 2033 1502 2062 electiones
1529 2033 1692 2062 officiorum

954 2083 1117 2112 vacantium
1139 2087 1196 2112 tam
1216 2086 1283 2111 ante
1307 2081 1535 2111 celebrationem
1558 2082 1691 2120 capituli,

953 2140 1040 2170 quam
1071 2135 1135 2170 post
1165 2131 1245 2160 illius
1274 2130 1506 2160 celebrationem
1537 2130 1612 2160 intra
1643 2140 1692 2159 sex

954 2180 1100 2209 mensium
1117 2180 1257 2219 spatium3
1282 2189 1353 2219 quas
1377 2179 1400 2209 si
1423 2179 1565 2217 omiserit,
1583 2189 1616 2209 eo
1632 2180 1694 2218 ipso

954 2229 999 2257 ius
1022 2228 1151 2266 eligendi
1174 2228 1344 2258 devolvatur
1366 2228 1401 2257 ad
1423 2228 1621 2258 definitorium
1645 2238 1693 2267 ge-

955 2277 1065 2306 nerale.
1086 2294 1118 2297 —
1142 2286 1227 2307 xvn..
1252 2276 1333 2312 Quod
1357 2277 1556 2315 provincialis,
1580 2279 1694 2317 quoties

956 2325 997 2354 illi
1021 2325 1191 2355 benevisum
1216 2326 1314 2364 suerit,
1335 2326 1427 2366 possit
1450 2336 1628 2365 congregare
1646 2327 1696 2357 de-

957 2374 1118 2403 finitorium
1135 2375 1212 2404 ultra
1229 2379 1257 2404 et
1272 2380 1389 2414 praeter
1408 2374 1506 2404 binam
1530 2376 1693 2414 regularem

956 2423 1114 2453 definitorii
1127 2424 1381 2462 congregationem
1398 2425 1522 2462 singulis
1534 2425 1618 2455 annis
1632 2426 1694 2456 sieri

956 2472 1082 2501 solitam.
1103 2490 1140 2495 —-
1163 2481 1221 2501 xix.
1241 2472 1322 2507 Quod
1346 2481 1461 2512 praeses
1484 2474 1604 2513 capituli
1629 2484 1695 2514 pro-

956 2520 1089 2550 vincialis
1122 2524 1150 2550 et
1182 2525 1266 2559 pater
1295 2521 1484 2561 provincialis
1506 2527 1534 2552 et
1557 2523 1695 2554 definitor

954 2570 1113 2607 generalis,
1137 2570 1162 2599 si
1186 2570 1333 2606 adsuerit,
1358 2580 1471 2601 necnon
1494 2571 1693 2602 detinitorium

991 2629 998 2653 1
1014 2626 1080 2654 Male
1089 2627 1129 2653 ed.
1142 2627 1174 2653 M.
1187 2628 1239 2662 leg.
1253 2629 1415 2656 triennium
1431 2638 1478 2664 pro
1493 2630 1602 2657 trimma
1614 2631 1692 2665 (uxi).

989 2671 1004 2697 2
1019 2671 1086 2700 lllale
1102 2671 1165 2700 edit.
1183 2671 1264 2701 Maia,
1278 2672 1433 2709 habetque
1447 2673 1487 2708 (n.
1501 2674 1551 2708 'r.).

1578 270 1645 303 597
1692 279 1740 304 An.
1763 279 1791 305 c.
1812 279 1877 306 ¹:⁴27
