2170 3147
239 282 288 307 Aa.
306 281 337 308 c.
364 281 430 308 1725
477 270 541 303 182

269 1994 382 2015 Exordium

434 329 506 362 totis
536 327 704 361 tenoribus
742 326 893 370 specialis
912 352 919 366 ,
944 326 1103 370 specifica,
1130 327 1176 359 in-

435 382 563 415 dividua
582 386 612 414 et
630 391 793 424 evpressa,
810 391 874 413 non
895 385 1000 413 autem
1019 391 1077 424 per
1094 380 1176 413 clan-

434 435 519 467 sulas
531 435 700 476 generales
715 433 800 466 idem
816 433 1037 476 importanteS,
1054 432 1176 465 mentio

433 499 488 521 seu
514 487 645 531 quaevis
666 487 725 520 alia
753 486 915 530 expressio
941 486 1092 519 habenda
1123 491 1177 518 aut

434 541 543 584 aliqua
568 540 632 574 alia
657 540 817 584 exquisita
842 540 943 573 forma
969 540 1007 572 ad
1029 539 1092 572 lioc
1110 549 1177 571 ser-

434 594 536 627 vanda
571 594 673 634 soret,
700 598 832 627 tenores
857 592 1065 631 huiusmodi,
1090 602 1126 625 ac
1150 592 1175 624 si

435 648 474 681 de
500 647 598 681 verbo
625 647 663 680 ad
690 647 848 688 verbum,
875 646 959 679 nihil
986 646 1118 690 penitus
1145 656 1177 678 o-

434 701 534 734 misso
551 712 587 734 ac
609 701 710 734 forma
724 700 755 733 in
771 700 834 734 illis
858 700 973 733 tradita
993 699 1176 739 observata,

435 754 696 798 exprimerentur
722 759 754 787 et
780 754 1023 794 insererentur,
1062 751 1177 784 iisdem

434 808 665 851 praesentibus
691 818 749 851 pro
781 808 877 851 plene
911 813 943 840 et
976 805 1178 839 sufficienter

436 861 598 904 expressis
616 866 648 894 et
669 860 796 894 insertis
818 860 986 900 habentes,
1014 859 1077 892 illis
1099 859 1177 891 alias

435 914 468 947 in
493 925 549 948 suo
568 915 687 948 robore
706 914 941 958 permansuris,
962 913 1000 946 ad
1019 913 1177 956 praemis-

436 979 544 1001 sorum
564 967 727 1009 effectum,
747 968 861 1001 harum
878 967 970 1007 serie,
990 966 1179 1010 specialiter

435 1027 466 1055 et
498 1022 695 1065 amplissime
732 1021 957 1064 derogamus,
994 1019 1178 1063 ceterisque

435 1075 604 1108 contrariis
631 1075 905 1118 quibuscumque.

477 1127 593 1160 Datum
612 1127 748 1167 Romae,
776 1127 861 1170 apud
891 1127 922 1159 S.
952 1126 1096 1166 Petrum,
1119 1126 1178 1158 suh

435 1182 555 1214 annulo
572 1181 758 1221 Piscatoris,
770 1181 821 1213 die
836 1191 913 1214 xvni
928 1180 1002 1213 maii
1018 1189 1177 1220 uocexxv,

434 1234 642 1278 pontificatus
667 1234 772 1267 nostri
799 1244 883 1267 anno
910 1244 932 1267 1.

470 1296 530 1324 Dat.
555 1296 598 1323 die
621 1297 652 1324 18
674 1296 736 1323 maii
764 1296 847 1330 17025,
872 1296 969 1331 pontif.
991 1303 1062 1322 anno
1083 1301 1100 1322 ι.

751 1449 856 1482 LXIX.

435 1530 629 1564 Dece-nitur
666 1535 703 1563 ut
739 1530 775 1562 in
804 1528 945 1562 ecelesiis
977 1526 1177 1560 cathedrali-

481 1584 538 1616 hus
549 1583 670 1616 Italiae
686 1582 941 1624 insularumque
956 1580 1179 1613 adiacentium

477 1637 664 1680 praebenda
701 1635 893 1678 theoloqalis
933 1639 960 1666 et
1004 1634 1202 1666 canonicus:

478 1689 758 1733 poenitentiarius
782 1689 992 1726 instituatur,
1014 1697 1085 1720 cum
1104 1688 1180 1730 qui-

481 1743 619 1776 busdam
644 1742 910 1775 ordinationibus
935 1739 955 1773 ¹.

614 1823 797 1850 Benedictus
826 1822 1002 1855 Episcopus,

627 1875 735 1896 servus
756 1874 911 1895 servorum
926 1866 989 1896 Dei,

554 1913 590 1939 ad
611 1915 790 1946 perpetuam
809 1911 855 1938 rei
875 1910 1059 1938 memoriam.

483 1982 657 2017 Pastoralis
685 1982 780 2016 officii
808 1981 909 2015 nostri
936 1991 1004 2014 esse
1032 1979 1179 2013 ducimus

438 2037 568 2070 assiduo
595 2037 754 2079 enixeque
780 2035 885 2068 studio
915 2044 1037 2074 curare,
1057 2039 1092 2065 ut
1112 2032 1181 2066 uni-

438 2101 530 2124 versa
555 2101 666 2124 sacrae
687 2090 893 2123 Tridentinae
911 2088 1027 2133 Synodi
1050 2088 1182 2120 decreta

439 2145 559 2188 ubique
595 2143 826 2178 inviolabiliter
859 2143 1082 2176 observentur.
1119 2140 1180 2173 Sed

438 2208 549 2232 eorum
575 2208 652 2241 prae
673 2196 792 2230 ceteris
807 2195 1031 2229 executionem
1048 2199 1180 2227 strenue

438 2251 689 2294 promovendam
716 2250 961 2293 urgendamque
988 2247 1083 2280 nobis
1111 2257 1181 2280 esse

439 2303 652 2344 arbitramur,
679 2314 715 2336 ex
742 2303 859 2346 quibus
885 2301 1041 2335 maiorem
1067 2301 1100 2333 in
1125 2300 1181 2333 Ec-

439 2356 537 2390 clesia
562 2358 618 2391 Dei
645 2357 815 2391 utilitatem
842 2361 1077 2400 proventuram
1111 2355 1180 2387 sore
1203 2385 1205 2396 ἱ

438 2410 680 2453 conspicimus,
705 2422 740 2444 ac
766 2421 820 2444 eos
845 2409 1050 2454 potissimum
1069 2435 1076 2449 ,
1105 2418 1183 2453 quo-

476 2509 485 2534 1
509 2509 601 2535 Consi.
623 2508 667 2534 ed.
689 2514 826 2540 itiuecxxv,
849 2508 892 2533 dic·
913 2508 929 2532 9
950 2507 1025 2537 maii,
1045 2505 1141 2541 pootif.
1163 2512 1181 2539 1,

439 2552 634 2588 praescriptum
655 2552 705 2578 fuit
730 2552 881 2578 Ordinariis
903 2551 996 2577 ltaliae
1018 2550 1182 2577 insularum-

440 2605 492 2632 que
520 2596 700 2623 adiacentium
730 2599 758 2621 ut
787 2595 995 2622 seminat-iorum
1017 2593 1183 2620 erectionem

421 2645 625 2677 promoveant,
647 2641 734 2676 deque
757 2640 884 2675 congruis
914 2639 1064 2666 redditibus
1093 2637 1183 2673 provi-

442 2684 532 2713 deant.

1199 1372 1201 1374 ,
1222 1339 1412 1382 praebenda

1199 1401 1201 1438 ¹3
1223 1403 1318 1436 qnam
1347 1403 1382 1425 ex
1408 1392 1503 1426 causa
1526 1391 1755 1435 resignationis
1780 1391 1888 1435 primo
1912 1401 1964 1424 va-

1199 1440 1201 1445 ⁴
1223 1451 1334 1479 catura
1360 1446 1432 1490 ipso
1452 1445 1533 1478 sacto
1547 1445 1585 1478 ad
1601 1455 1673 1485 eum
1690 1455 1785 1478 usum
1802 1450 1963 1488 perpetuo

1011 268 1199 302 ‘mammem
1223 277 1378 302 ROMANUM

1220 337 1290 359 rum
1316 337 1397 370 opus
1423 326 1455 358 in
1481 325 1725 370 praedicatione
1753 329 1784 359 et
1814 324 1959 358 doctrina

1219 379 1395 413 consistere
1423 379 1518 413 debet
1536 406 1543 419 ,
1569 385 1604 412 ut
1629 383 1761 412 cunctos
1786 377 1960 412 aedificent

1219 438 1281 466 tam
1308 432 1381 466 fidei
1408 432 1541 466 seientia
1560 461 1567 473 ,
1594 442 1689 476 quam
1715 432 1877 466 actionum
1909 431 1959 465 di-

1219 486 1377 530 sciplina,
1415 486 1547 520 excitari
1583 486 1720 519 maxime
1750 496 1848 529 posse
1886 495 1961 518 con-

1219 539 1346 572 fidimus
1386 540 1425 572 ad
1466 539 1647 582 impensius
1688 538 1960 582 frequentandam

1220 597 1389 636 tantopere
1415 592 1634 625 necessariam
1667 596 1850 625 sanctarum
1877 590 1962 624 Scri-

1220 650 1386 689 pturarum
1412 645 1612 686 lectionem;
1641 655 1718 688 quas
1744 644 1797 687 qui
1829 643 1957 683 nescit,

1220 704 1255 730 ut
1278 699 1393 732 beatus
1418 698 1633 741 Hieronymus
1658 698 1832 737 admonet,
1859 696 1962 730 nescit

1219 751 1274 785 Dei
1300 751 1453 785 virtutem
1481 751 1614 795 eiusque
1639 750 1858 795 sapientiam;
1885 760 1960 783 nam

1221 803 1419 848 ignorantia⁴
1435 805 1674 849 Scriptnrarum
1695 804 1856 847 ignoratio
1874 802 1962 837 Chri-

1221 859 1259 891 sti
1285 864 1345 892 est.

1265 911 1279 955 §
1303 912 1333 944 t.
1362 911 1439 945 Cum
1466 912 1574 955 itaque
1601 910 1815 945 saluberrimo
1833 910 1962 955 praedi-

1965 275 2016 304 An.
2032 276 2060 304 C.
2082 277 2149 307 1725

2026 921 2039 941 Α
2062 921 2153 942 conr-itio

1931 964 1937 970 ,
1973 946 2096 968 Tridentino
2114 949 2153 968 iam

1223 965 1265 998 cti
1292 964 1426 999 Concilii
1453 964 1630 998 Tridentini
1659 965 1790 998 decreto
1808 965 1911 998 relato
1929 975 1961 997 in

1222 1029 1289 1062 cap.
1308 1029 1317 1052 ι
1344 1029 1427 1052 sess.
1448 1028 1466 1051 v
1484 1018 1530 1051 De
1554 1019 1722 1061 reformat.
1749 1022 1878 1051 cautum
1900 1016 1960 1057 sit,

1221 1078 1266 1113 nt,
1284 1073 1402 1106 nedum
1421 1073 1452 1106 in
1474 1072 1619 1119 eeclesiis
1639 1072 1889 1111 cathedralibus,
1908 1071 1963 1104 sed

1222 1127 1252 1158 in
1264 1126 1447 1169 collegiatis
1460 1126 1555 1159 etiam
1569 1125 1765 1170 oppidorum
1778 1124 1965 1168 insignium,

1222 1179 1253 1211 in
1275 1179 1393 1222 quilius
1411 1179 1601 1223 praebenda
1627 1185 1679 1212 ant
1696 1177 1963 1222 praestimonium

1223 1243 1279 1265 seu
1306 1232 1508 1276 stipendium
1540 1243 1602 1276 pro
1633 1232 1749 1266 Sacrae
1781 1232 1965 1275 Scripturae

1222 1285 1401 1318 lectoribus
1427 1286 1638 1319 constitutum
1674 1296 1739 1318 non
1775 1283 1964 1328 reperitur,

1465 1339 1770 1382 quomodocumque
1821 1341 1964 1382 praeter-

1223 1500 1397 1533 constituta
1421 1510 1457 1532 ae
1484 1499 1639 1542 deputata
1672 1498 1888 1542 intelligatur,
1916 1502 1963 1537 et,

1224 1558 1381 1597 quatenus
1409 1554 1499 1586 nulla
1524 1553 1573 1586 vel
1600 1563 1663 1585 non
1689 1551 1850 1585 sufficiens
1877 1561 1964 1596 prae·

1223 1607 1330 1640 benda
1358 1606 1449 1646 soret,
1476 1607 1625 1639 locorum
1650 1604 1809 1639 Ordinarii
1836 1615 1894 1648 per
1918 1615 1965 1638 as-

1223 1659 1439 1702 signationem
1464 1659 1624 1692 sructuum
1639 1658 1776 1692 alicuius
1807 1657 1964 1702 simplicis

1222 1712 1385 1754 beneficii,
1406 1712 1524 1745 debitis
1552 1718 1658 1745 tamen
1674 1711 1742 1744 eius
1765 1709 1964 1755 supportatis

1200 1805 1202 1810 ,
1224 1766 1390 1806 oneribus,
1411 1767 1459 1799 vel
1482 1776 1541 1809 per
1566 1765 1840 1798 contributionem
1865 1764 1966 1797 bene-

1201 1837 1202 1840 *
1223 1819 1406 1852 ficiatorum
1432 1829 1561 1851 suarum
1588 1818 1848 1859 dioecesum,vel
1874 1817 1964 1858 alias,

1200 1900 1202 1905 .
1224 1877 1319 1915 prout
1343 1871 1546 1904 commodius
1570 1871 1639 1904 fieri
1665 1871 1794 1915 poterit,
1821 1871 1864 1904 ita
1889 1881 1966 1914 pro-

1223 1926 1353 1958 videant
1378 1930 1412 1957 ut
1430 1925 1500 1968 ipsa
1521 1925 1637 1958 Sacrae
1662 1924 1847 1968 Scripturae
1868 1923 1965 1957 lectio

1224 1978 1357 2011 omnino
1384 1978 1564 2019 habeatur3
1591 1989 1700 2011 verum
1718 1977 1876 2011 eiusmodi
1896 1987 1967 2021 pro-

1973 973 2054 1000 pridem
2074 974 2155 999 praesa-

1974 1003 2007 1020 tae
2023 1001 2155 1026 praebendae

1974 1026 2100 1052 theologatis
2126 1028 2155 1048 iu-

1974 1053 2077 1073 sti2utinni
2107 1059 2154 1074 con·

1975 1079 2058 1100 snitum.

1224 2031 1294 2065 vida
1320 2031 1454 2075 praefati
1481 2031 1617 2065 Concilii
1644 2030 1813 2074 dispositio
1838 2030 1870 2064 in
1908 2030 1993 2063 ali-⁷

1225 2085 1341 2128 quibus
1368 2084 1625 2124 cathedralibus,
1653 2084 1736 2116 sieut
1757 2094 1821 2116 non
1841 2084 1965 2127 absque

1202 2137 1203 2140 ’
1225 2138 1313 2181 gravi
1339 2137 1437 2170 animi
1465 2137 1567 2170 nostri
1594 2137 1707 2170 dolore
1741 2136 1937 2180 percipimus
1954 2163 1963 2175 ,

1225 2192 1393 2235 hucusque
1408 2192 1558 2234 neglecta
1574 2190 1767 2233 debitaeque
1783 2189 1966 2223 executioni

1226 2245 1418 2279 demandata
1443 2255 1509 2277 non
1535 2245 1653 2277 suerit:
1683 2244 1758 2277 hine
1788 2243 1887 2286 igitur
1918 2247 1968 2276 est

1226 2300 1312 2343 quod
1338 2309 1409 2339 nos,
1436 2298 1524 2331 illius
1550 2298 1775 2331 executionem
1800 2308 1860 2341 pro
1886 2307 1966 2340 pon-

1226 2353 1342 2386 tificiae
1368 2351 1556 2395 vigilantiae
1583 2352 1692 2385 debito
1719 2361 1835 2394 urgere
1860 2350 1967 2383 inten-

1226 2407 1353 2446 dentes,
1378 2410 1466 2438 motu
1490 2404 1636 2448 proprio,
1662 2415 1699 2438 ex
1725 2405 1812 2437 certa
1832 2402 1967 2436 scientia

1225 2470 1260 2493 ac
1286 2461 1410 2492 matura
1436 2458 1673 2491 deliberatione
1698 2456 1834 2497 nostris,
1861 2456 1966 2500 deque

1225 2512 1425 2556 apostolieae
1450 2511 1618 2554 potestatis
1643 2510 1871 2554 plenitudine,
1905 2510 1966 2542 liac

1225 2567 1336 2598 nostra
1377 2570 1533 2607 perpetuo
1565 2563 1699 2597 valitura
1736 2562 1966 2596 constitutione

1225 2619 1398 2658 sancimus,
1425 2618 1632 2651 decernimus
1660 2622 1691 2649 et
1711 2617 1913 2656 mandamus,
1933 2620 1967 2649 ut

1262 2683 1271 2706 1
1296 2680 1365 2707 Edit.
1388 2679 1466 2707 Mam.
1490 2678 1554 2713 tegit
1576 2678 1776 2712 iynoranciam
1798 2678 1838 2714 (n.
1855 2678 1904 2714 Τ.).
