2170 3147
211 224 264 249 An.
285 222 315 249 C.
331 220 401 248 ¹722ss
447 211 512 245 470

279 1716 397 1737 instituitur

213 1743 288 1763 tamtus
301 1746 352 1764 utin
362 1749 398 1764 ru·

213 1770 282 1791 briva.

407 270 484 302 tium
506 269 611 301 dictae
638 268 669 301 S.
690 268 725 300 R.
742 267 777 300 E.
798 266 1013 300 cardinalium
1040 271 1071 299 et
1089 266 1152 298 Ro-

406 333 521 355 manae
549 321 661 354 Curiae
684 322 905 364 praelatorum
931 330 1032 363 super
1057 319 1154 352 disci-

405 375 496 418 plina
523 373 667 417 regulari
693 373 882 417 specialiter
904 373 1058 416 deputata
1082 373 1155 405 sub-

406 429 523 465 latum,
550 427 638 470 quod
664 427 848 460 secretariis
876 426 994 470 prioris
1020 426 1085 458 sive
1112 426 1154 457 vi-

406 480 485 514 carii
518 480 680 523 generalis
705 491 765 523 pro
799 485 947 523 tempore
985 478 1153 512 existentis

406 534 508 576 ipsius
545 534 676 567 Ordinis
714 540 841 567 scutum
876 544 975 566 unum
1001 538 1152 566 monetae

406 598 562 620 romanae
589 598 648 630 pro
675 587 773 620 certis
799 587 988 630 patentibus
1018 585 1153 625 tinet-is,

407 651 489 683 quae
516 641 602 673 illius
630 640 783 673 fratribus
810 640 1082 683 expediebantur,
1103 650 1154 671 ex-

408 694 601 736 solveretur,
628 694 713 727 unde
742 699 963 727 trecentorum
993 694 1042 726 vel
1076 704 1153 736 qua-

407 747 657 790 dringentorum
690 754 859 781 scutorum
891 747 978 790 paris
1003 751 1153 779 monetae

407 812 542 841 summa,
579 801 717 844 quaein
744 801 903 844 privatam
941 800 1064 844 prioris
1097 811 1152 832 seu

406 854 519 887 vicarii
556 854 720 897 generalis
758 855 864 888 eiusve
901 853 1153 887 secretariorum

406 908 650 951 praedictorum
688 908 859 941 utilitatem
898 913 974 940 tunc
1005 907 1153 947 cedebat,

407 961 590 1004 quotannis
637 961 869 994 retrahebatur
893 972 900 1001 ;
950 965 1154 1003 exponentes

407 1011 566 1055 praedicti
594 1023 688 1044 usum
717 1011 903 1044 huiusmodi
930 1010 1064 1043 retIneri
1098 1021 1152 1043 seu

408 1065 601 1105 instaurari,
621 1076 656 1098 ac
674 1076 710 1098 ex
738 1065 884 1109 pecuniis
910 1065 987 1097 inde
1013 1075 1154 1107 proven-

409 1119 487 1151 turis
525 1119 698 1162 quemdam
736 1119 899 1151 cumulum
934 1129 989 1151 seu
1018 1118 1151 1150 fundum

408 1183 444 1205 ac
462 1172 694 1215 multiplicum,
713 1172 898 1215 sumptibus
918 1165 1030 1205 eorum
1050 1172 1152 1214 quiin

407 1224 527 1258 Ordine
546 1226 691 1268 praefato
710 1236 780 1258 cum
801 1225 981 1258 sanctitatis
1000 1226 1081 1257 fama
1100 1225 1154 1257 sso-

407 1284 545 1312 ruerunt
562 1290 598 1312 ac
622 1279 840 1312 decesserunt
862 1279 967 1312 causis
992 1278 1154 1311 instruen-

408 1333 457 1366 dis
474 1338 505 1366 et
519 1332 682 1376 agitandis
693 1344 749 1366 seu
763 1332 998 1366 beatificationi
1015 1343 1049 1365 ac
1061 1343 1154 1365 cano-

408 1385 562 1418 nizationi
579 1387 804 1428 procurandae
816 1392 848 1419 et
862 1385 1030 1419 faciendae
1043 1395 1152 1418 neces-

408 1439 500 1472 sariis
523 1439 763 1482 deputandum,
789 1439 915 1472 institui
943 1448 1152 1481 summopere

409 1492 619 1526 desiderent:
649 1493 743 1526 nobis
769 1498 948 1536 propterea
983 1492 1152 1525 humiliter

409 1546 587 1589 supplicari
606 1546 755 1579 fecerunt
775 1551 809 1578 ut
827 1546 858 1578 in
882 1545 1070 1589 praemissis
1097 1557 1153 1589 op-

408 1605 550 1643 portune
572 1600 749 1642 providere
769 1605 800 1632 et
818 1604 853 1632 ut
874 1599 958 1632 infra
980 1599 1152 1641 indulgere

409 1653 448 1686 de
466 1653 669 1696 benignitate
688 1653 870 1697 apostolica
888 1653 1114 1695 dignaremur.

452 1707 467 1750 ξ
487 1706 518 1739 9..
538 1706 602 1740 Nos
621 1706 730 1750 igitur,
748 1706 896 1750 ipsorum
920 1706 1154 1750 exponentium

407 1759 617 1804 propositum
656 1760 716 1792 hac
749 1760 781 1792 in
808 1770 864 1800 re,
893 1764 1048 1802 quantum
1082 1769 1153 1792 cum

408 1813 546 1847 Domino
582 1823 780 1856 possumus,
811 1813 923 1846 iuvare
958 1812 1153 1856 cupienteS‚

409 1878 532 1910 eosque
563 1867 760 1911 specialibus
797 1866 961 1900 favoribus
988 1871 1018 1898 et
1042 1866 1156 1909 gratiis

408 1921 564 1964 prosequi
589 1921 746 1958 volentes¹
766 1931 802 1953 ac
820 1920 953 1953 illorum
972 1920 1156 1962 singulares

408 1985 568 2017 personas
601 1986 618 2007 a
650 1974 817 2017 quibusvis
848 1973 1157 2007 excommunicatio-

408 2028 466 2069 nis,
493 2028 718 2071 suspensionis
748 2033 780 2060 et
808 2028 992 2067 interdicti,
1018 2026 1156 2069 aliisque

409 2082 639 2115 ecclesiasticis
664 2080 844 2121 sententiis,
864 2082 1062 2114 censuris-et
1080 2090 1157 2123 poe-

408 2134 475 2175 nis,
491 2145 508 2167 a
526 2134 595 2167 iure
615 2135 665 2167 vel
690 2134 729 2166 ab
754 2134 901 2174 bomine,
928 2134 1038 2177 quavis
1066 2144 1158 2166 occa-

409 2187 501 2220 sione
529 2188 577 2221 vel
604 2189 700 2220 causa
725 2186 809 2228 latis,
831 2187 856 2219 si
884 2187 1000 2230 quibus
1026 2197 1157 2230 quomo-

412 2240 536 2274 dolibet
561 2240 737 2274 innodatae
764 2240 925 2280 existunt,
945 2240 983 2273 ad
1006 2240 1158 2273 effectum

411 2293 632 2336 praesentium
667 2293 832 2326 dumtaxat
869 2293 1156 2336 consequendum,

412 2346 527 2379 harum
553 2347 638 2380 serie
671 2347 879 2380 absolventes
905 2352 937 2379 et
970 2345 1157 2380 absolutas¹

369 2410 372 2413 ·
413 2398 481 2431 fore
511 2405 700 2438 censentes,
734 2400 921 2433 huiusmodi
948 2399 1159 2443 supplicatio-

413 2452 510 2484 nibus
548 2453 703 2492 ineIInati,
731 2454 817 2496 quod
855 2458 1050 2486 memoratus
1082 2464 1159 2485 usus

414 2505 560 2538 solvendi
587 2516 622 2537 ac
647 2505 797 2548 exigendi
824 2506 1005 2550 respective
1031 2512 1158 2539 scutum

413 2563 563 2590 monetae
590 2551 755 2600 praefatae
773 2569 831 2600 pro
854 2559 947 2591 dictis
973 2558 1159 2602 patentibus

453 2623 459 2646 t
486 2620 554 2647 Edit.
572 2620 652 2647 Main.
670 2620 735 2655 legit
756 2621 900 2647 absolutos
920 2622 958 2656 (n.
982 2628 1031 2656 η.

1180 2636 1184 2653 l

991 218 1070 242 BULL
1080 216 1181 241 ARIUM
1206 216 1362 241 ROMANUM

1199 266 1326 305 litteris,
1347 266 1401 310 qui
1425 265 1458 299 in
1485 265 1601 299 eodem
1619 264 1739 298 Ordine
1764 268 1838 297 ante
1864 273 1943 307 pau-

1198 330 1253 352 cos
1290 330 1393 353 annos
1432 319 1562 362 vigebat
1587 319 1668 352 sicut
1701 317 1942 362 praemittitur,

1198 372 1353 416 deinceps
1379 372 1559 406 retineatur
1584 383 1619 404 ac
1645 376 1798 409 servetur,
1819 371 1886 403 sive
1904 371 1943 403 de

1199 436 1283 459 novo
1309 425 1490 464 inducatur,
1517 436 1579 458 nec
1605 425 1693 468 ipsae
1720 429 1869 468 patentes
1894 423 1944 456 lit-

1199 484 1285 512 terae
1323 484 1418 512 antea
1454 480 1645 511 relaxentur
1685 487 1781 520 quam
1822 476 1943 509 solutio

1198 532 1330 565 realiter
1367 537 1399 564 et
1436 542 1507 564 cum
1545 530 1663 564 effectu
1690 535 1798 563 secuta
1823 529 1942 569 suerit·,

1198 585 1335 629 pecunia
1360 596 1437 618 vero
1464 585 1540 617 inde
1566 589 1766 627 proventura
1788 595 1805 617 a
1830 593 1946 627 snpra-

1198 639 1292 672 dictis
1319 638 1570 682 exponentibus,
1592 648 1627 670 ae
1646 648 1706 680 pro
1723 642 1870 681 tempore
1884 637 1946 670 exi-

1198 692 1358 725 stentibus
1384 693 1498 735 priore
1535 697 1566 724 et
1601 696 1814 734 procuratore
1847 699 1945 733 gene-

1199 745 1319 778 ralibus
1345 745 1490 778 eiusdem
1516 744 1646 777 Ordinis
1671 743 1816 777 fideliter
1840 748 1945 776 eusto-

1199 799 1340 838 diantur,
1360 804 1457 842 atque
1484 798 1523 831 de
1549 798 1700 830 semestri
1727 797 1758 830 in
1785 801 1945 831 semestre

1198 862 1298 896 penes
1335 851 1473 884 Montem
1499 850 1630 883 Pietatis
1665 850 1703 883 de
1741 851 1825 883 alma
1858 850 1944 883 Urbe

1199 905 1311 938 nostra
1336 905 1554 948 deponantur,
1573 909 1604 937 et
1628 903 1661 936 in
1688 908 1732 937 tot
1757 903 1837 937 locis
1854 913 1945 936 mon-

1200 959 1278 992 tium
1303 959 1459 992 Gamerae
1484 963 1616 992 nostrae
1641 958 1849 1001 Apostolieae
1878 967 1944 990 non

1198 1012 1394 1046 vacabilium
1413 1012 1639 1052 investiantur,
1661 1022 1696 1045 ex
1715 1021 1854 1054 quorum
1881 1010 1947 1044 fru-

1200 1066 1304 1099 ctibus
1324 1066 1479 1106 cumulus,
1493 1075 1550 1098 seu
1567 1064 1797 1108 multiplicum,
1822 1074 1857 1097 ac
1875 1063 1945 1096 fun-

1200 1120 1258 1152 dus
1296 1119 1477 1162 sumptibus
1513 1118 1708 1152 necessariis
1741 1128 1803 1161 pro
1839 1117 1946 1150 causis

1199 1183 1254 1206 seu
1280 1172 1521 1205 beatificatione
1559 1173 1609 1205 vel
1646 1171 1785 1205 solemni
1812 1170 1947 1204 canoni-

1199 1226 1326 1258 zatione
1363 1225 1439 1258 dicti
1477 1225 1607 1258 Ordinis
1644 1225 1851 1258 alumnorum
1887 1234 1945 1257 seu

1198 1279 1446 1321 religiosorum,
1476 1278 1530 1321 qui
1568 1279 1620 1322 pie
1656 1289 1693 1311 ae
1725 1289 1797 1311 cum
1825 1277 1945 1311 sancti-

1199 1332 1272 1365 tatis
1300 1333 1380 1365 fama
1406 1332 1568 1371 obierunt,
1596 1332 1803 1376 peragendis,
1829 1335 1862 1365 et
1881 1340 1946 1364 non

1198 1385 1230 1418 in
1253 1385 1347 1418 aliam
1367 1395 1606 1429 quamcumque
1625 1395 1755 1418 causam
1783 1384 1947 1418 destinan-

1199 1439 1257 1471 dus
1283 1449 1319 1471 ao
1344 1438 1551 1481 deputandus
1576 1438 1779 1478 instituatur,
1805 1436 1946 1470 auctori-

1200 1496 1263 1524 tate
1290 1490 1478 1534 apostolica,
1499 1495 1612 1524 tenore
1629 1490 1862 1534 praesentium,
1883 1493 1946 1522 sta-

1200 1545 1327 1585 tuimus,
1350 1544 1569 1588 praecipimus
1595 1549 1625 1578 et
1651 1544 1852 1577 mandamus.

1243 1599 1257 1641 g
1282 1598 1313 1631 3.
1352 1597 1410 1631 Ubi
1438 1602 1547 1631 autem
1573 1598 1700 1641 aliquot
1725 1607 1885 1641 expensas
1911 1597 1943 1631 in

1200 1662 1283 1695 opus
1310 1651 1496 1684 huiusmodi
1538 1651 1642 1684 facere
1674 1661 1808 1685 necesse
1835 1651 1944 1692 fuerit,

1201 1710 1276 1738 tunc
1303 1705 1405 1748 priori
1433 1715 1468 1737 ac
1494 1704 1701 1747 procuratori
1735 1703 1944 1747 generalibus

1200 1758 1330 1792 Ordinis
1369 1758 1505 1802 praefati
1545 1769 1604 1801 pro
1643 1764 1792 1801 tempore
1823 1759 1946 1801 pariter

1202 1812 1434 1852 existentibus,
1452 1817 1504 1851 ut,
1525 1822 1595 1844 cnm
1614 1822 1774 1845 consensu
1795 1811 1944 1844 eiusdem

1200 1865 1231 1899 S.
1265 1865 1301 1898 R.
1329 1865 1363 1898 Ε.
1397 1865 1573 1898 cardinalis
1600 1865 1677 1898 dieti
1702 1864 1832 1898 Ordinis
1857 1865 1944 1908 apud

1201 1918 1420 1962 Apostolicam
1446 1918 1561 1951 Sedem
1587 1918 1795 1961 protectoris,
1822 1923 1854 1951 et
1878 1929 1946 1951 non

1201 1972 1305 2013 aliter,
1332 1983 1401 2005 eam
1439 1972 1607 2005 dumtaxat
1631 1970 1793 2014 pecuniae
1819 1971 1949 2014 quanti-

1202 2030 1317 2064 tatem,
1352 2035 1434 2068 quae
1465 2025 1650 2058 necessaria
1676 2024 1714 2057 ab
1741 2024 1787 2057 eis
1813 2024 1948 2057 coniun-

1201 2079 1276 2112 ctim
1303 2078 1544 2119 diiudicabitur,
1572 2089 1607 2111 ex
1634 2079 1764 2111 cumulo
1783 2088 1839 2111 seu
1865 2078 1948 2111 mul-

1203 2133 1316 2176 tiplico
1343 2142 1379 2165 ac
1404 2132 1504 2165 fundo
1540 2132 1710 2175 praedicto
1748 2131 1944 2171 desumere,

1202 2197 1258 2219 seu
1296 2197 1355 2229 pro
1393 2185 1449 2219 illa
1483 2188 1552 2219 rata
1589 2191 1635 2218 tot
1670 2196 1707 2219 ex
1745 2185 1839 2218 dictis
1865 2184 1945 2218 loeis

1203 2240 1362 2273 montium
1400 2239 1542 2272 vendere
1569 2244 1600 2272 et
1624 2239 1777 2279 alienare,
1811 2248 1945 2282 eamque

1203 2293 1235 2325 in
1263 2303 1420 2336 expensas
1446 2292 1629 2336 praedictas
1654 2296 1685 2334 et
1715 2302 1781 2324 non
1807 2292 1840 2324 in
1865 2290 1946 2324 alios

1204 2357 1280 2379 usus
1311 2345 1438 2389 erogari
1465 2346 1568 2378 libere
1598 2350 1629 2378 et
1653 2345 1740 2378 licite
1766 2344 1892 2388 possint
1916 2349 1948 2377 et

1203 2403 1345 2441 valeant,
1385 2405 1605 2444 opportunam
1640 2399 1825 2432 facultatem
1850 2402 1883 2431 et
1906 2397 1946 2431 ti-

1205 2453 1345 2487 centiam
1373 2453 1487 2486 eadem
1514 2452 1707 2485 auctoritate
1726 2451 1841 2484 harum
1860 2450 1947 2483 serie

1203 2506 1421 2549 impertimur.
1454 2504 1564 2544 Quod¹
1591 2505 1615 2538 si
1642 2504 1752 2547 aliqua
1783 2504 1869 2537 fraus
1893 2504 1945 2537 vel

1204 2560 1299 2593 dolus
1317 2570 1375 2602 pro
1394 2564 1484 2602 parte
1511 2558 1630 2602 prioris
1649 2568 1704 2590 seu
1723 2556 1943 2600 procuratoris

1243 2622 1250 2647 l
1277 2620 1346 2648 Edit,
1366 2621 1444 2647 Main.
1464 2620 1530 2654 legit
1549 2627 1603 2655 quo
1621 2619 1662 2653 (n.
1679 2619 1728 2653 Τ.).

1951 213 2002 240 An.
2023 213 2051 242 C.
2069 213 2134 244 ¹726

1977 1601 2094 1623 Nonnullae
2106 1607 2139 1624 m·-

1955 1629 2075 1651 dinattones
2098 1630 2139 1651 hac

1955 1661 2018 1682 snper
2033 1661 2063 1678 ro.
