2170 3147
249 243 298 267 An.
322 242 349 267 Γ..
371 242 438 268 ¹7⁹2&

276 1153 364 1174 Sanctio
386 1158 436 1179 pne·

250 1180 315 1201 nans.

291 2487 363 2507 Atinas

256 2514 307 2534 mli<
317 2520 367 2539 prae
387 2516 442 2532 ictae

260 2540 438 2566 Cvueressatwnis
454 2535 527 2568 lecti
547 2535 601 2568 lilii
624 2537 776 2568 monachi
803 2537 1074 2580 Congregationis
1100 2537 1196 2569 Valli-

386 2491 442 2507 tene·

484 232 548 265 5306
1020 242 1203 265 nULLAnnut
1228 241 1384 265 nomnen
1983 241 2032 266 An.
2050 239 2078 266 c.
2102 240 2169 268 ¹726

444 291 690 324 confirmatione
717 291 904 334 apostolica,
930 292 981 325 vel
1008 291 1117 334 quavis
1136 291 1210 323 [Ir-'

444 346 554 378 mitate
573 345 634 378 :ilia
654 346 832 388 respective
856 346 1030 384 roboratis,
1048 345 1186 384 statutis,

444 398 757 437 consuetudinibus,
786 399 985 441 privilegiis,
1013 404 1045 431 et
1069 398 1187 431 litteris·

444 451 657 494 apostolicis,
693 452 739 484 eis
772 458 804 484 et
833 463 945 484 corum
982 452 1115 485 cuilibet
1139 463 1189 485 re-

443 505 589 547 spective
627 505 877 547 quomodolibet
913 505 1102 545 concessis,
1136 516 1190 548 ap-

444 558 602 601 probatis,
631 564 663 590 et
688 557 866 598 innovatis·,
893 558 1012 601 quibus
1037 558 1189 591 omuibus

445 616 477 642 et
500 610 660 653 singulis,
699 611 822 643 etiamsi
849 611 888 644 de
916 611 980 644 illis
1009 621 1188 654 eorumque

444 664 628 706 respective
667 663 837 696 tenoribus
876 674 1028 706 expressa
1068 664 1189 697 mentio

446 717 600 750 habenda
627 724 712 750 esset
731 717 762 750 in
789 718 838 750 liis
858 717 980 750 nostris
1004 717 1132 758 litteris,
1151 718 1190 750 ad

445 772 702 814 praemissorum
740 771 885 804 omnium
923 777 955 804 et
988 771 1190 813 singulorum

446 823 615 864 effectum,
637 824 701 857 illis
727 824 806 857 alias
832 825 864 857 in
891 834 948 857 suo
975 824 1096 857 robore
1118 834 1192 867 per-

446 879 631 918 mansuris,
664 878 823 911 latissime
859 885 891 911 et
927 878 1117 921 plenissime
1155 888 1192 910 ac

446 932 618 974 speciatim
652 937 682 964 et
707 941 859 974 expresse
898 931 958 964 liae
990 931 1061 964 vice
1093 931 1192 964 dum-

446 989 533 1017 taxat
567 984 748 1027 apostolica
782 985 978 1017 anctoritate
1012 985 1192 1027 respective

446 1037 644 1080 derogamus
683 1044 715 1071 et
750 1039 901 1081 derogari
934 1039 1110 1078 volumus,
1140 1049 1193 1071 ce-

447 1091 590 1134 terisque
618 1092 794 1124 contrariis
820 1092 1094 1134 quibuscumque.

491 1145 506 1188 ξ
537 1143 569 1177 3.
605 1144 692 1177 Nulli
732 1155 810 1186 ergo
847 1144 982 1177 omnino
1020 1144 1193 1177 hominum

446 1197 544 1231 liceat
570 1198 655 1231 lianc
682 1198 834 1240 paginam
871 1203 1003 1231 nostrae
1029 1198 1190 1230 eonstitu-

449 1251 563 1291 tionis,
591 1251 732 1291 decreti,
767 1251 876 1283 statuti
903 1257 933 1284 et
959 1252 1192 1284 declarationis

448 1303 641 1347 infringere,
670 1310 725 1337 ant
750 1304 779 1337 ei
806 1305 983 1338 temerario
1009 1315 1088 1338 ausu
1110 1315 1194 1338 con-

450 1357 571 1398 traire,
610 1358 637 1390 si
675 1358 747 1401 quis
788 1363 895 1391 autem
933 1359 998 1392 hoc
1033 1364 1193 1392 attentare

448 1411 729 1454 praesumpserit,
756 1411 1018 1453 indignationem
1044 1411 1194 1455 omnipo-

451 1465 547 1497 tentis
573 1464 628 1497 Dei
662 1475 698 1497 ac
735 1465 905 1497 beatorum
939 1464 1024 1497 Petri
1048 1470 1080 1497 et
1104 1464 1193 1497 Pauli

449 1518 676 1560 apostolorum
709 1518 779 1551 cius
812 1528 845 1551 se
874 1517 1004 1551 noverit
1039 1518 1191 1551 incursu-

449 1581 532 1604 rum.

493 1625 609 1657 Datum
634 1625 770 1665 Romae,
796 1625 882 1668 apud
912 1625 943 1658 S.
971 1625 1103 1658 Mariam
1134 1625 1194 1657 Ma-

449 1679 575 1720 iorem,
611 1690 696 1712 anno
732 1679 971 1712 lucarnationis
1009 1678 1193 1713 dominicae

449 1742 632 1774 MDccxxvl,
667 1743 745 1766 xvtn
785 1734 941 1766 kalendas
977 1733 1192 1776 septembris,

449 1787 658 1830 pontificatus
684 1786 787 1820 nostri
809 1796 894 1819 anno
920 1796 967 1819 111.

487 1849 545 1877 Dat.
568 1849 611 1878 die
635 1851 665 1878 15
685 1849 793 1884 augusti
815 1849 898 1884 1726,
921 1848 1016 1884 pontis.
1038 1856 1109 1876 anno
1130 1854 1168 1875 111.

758 1992 886 2026 CXLIII.

450 2073 649 2117 Jndulqetur
698 2074 870 2106 monachis
926 2073 1196 2116 Conyreqationis

501 2127 757 2160 Vallisolelanae
782 2127 919 2161 Ordinis
950 2127 982 2160 S.
1013 2126 1193 2165 Benedicti,

495 2185 531 2213 nt
571 2181 719 2223 ipsorum
758 2180 855 2213 abbas
897 2179 1061 2222 qeneratis
1098 2180 1197 2212 semel

498 2238 627 2266 tantum
658 2235 749 2277 infra
785 2233 1043 2277 quadriennium
1074 2233 1127 2265 sui
1151 2234 1197 2275 os-

495 2287 564 2327 1ἰεὶιῖ
587 2288 807 2319 visitationem
828 2296 983 2330 peragere
1008 2290 1156 2319 teneatur
1173 2286 1192 2318 ¹.

631 2366 816 2394 Benedictus
838 2367 918 2400 Papa
937 2366 1015 2399 XIII,

572 2411 608 2437 ad
629 2414 808 2445 perpetuam
828 2414 874 2439 rei
893 2411 1080 2439 memoriam.

498 2482 513 2525 §
539 2482 569 2515 1.
590 2482 713 2525 Exponi
740 2484 836 2516 nobis
854 2495 959 2527 nuper
980 2484 1127 2517 fecerunt
1152 2483 1197 2516 di-

492 2607 500 2632 1
526 2605 581 2632 Ilac
601 2606 635 2631 de
656 2614 685 2632 re
707 2605 767 2632 vide
788 2605 863 2632 Pauli
882 2607 915 2639 V,
937 2615 1045 2633 necnon
1074 2606 1196 2642 Gregorii

452 2650 512 2678 xltt
533 2655 559 2679 et
580 2650 679 2678 Urbani
708 2650 770 2678 Vlll
801 2655 887 2678 const.
909 2651 982 2679 infra
1002 2652 1111 2679 citatas.

1231 291 1398 323 soletanae
1413 290 1554 324 ‘Ordinis
1579 290 1610 324 S.
1631 289 1810 330 Benedicti,
1832 294 1894 322 tam
1914 300 2040 323 suorum
2063 302 2169 326 constitu.

1231 355 1325 387 quam
1346 356 1456 377 eorum
1483 345 1608 377 abbatis
1634 345 1796 387 generalis
1823 330 2169 385 nomine,53'2'1-'230‘12'313253

1232 399 1317 440 quod
1347 398 1377 430 in
1396 398 1536 441 capitulo
1555 399 1700 441 generali
1721 398 1867 431 eiusdem
1890 397 1974 431 Con·
1985 382 2103 428 iiiimxiiii„
2118 387 2170 430 ‘ll'sss

1231 451 1432 494 gregationis
1458 463 1543 484 anno
1569 462 1654 484 innox
1681 452 1848 484 celebrato
1874 437 2086 487 stabi-fflii'fm
2123 440 2170 461 per-

1232 505 1307 538 litae
1334 505 1464 538 suerunt
1488 506 1593 538 variae
1614 505 1876 545 constitutiones,
1898 515 1976 548 qua—

1233 568 1303 590 rum
1330 569 1394 591 una
1419 558 1588 591 concernit
1611 557 1828 590 visitationem
1849 567 1978 590 monas-

1235 613 1401 651 teriorum,
1420 622 1514 654 qnam
1541 611 1624 643 iufra
1650 610 1901 654 quadriennium
1928 609 1978 642 ab·

1232 665 1290 698 bas
1316 665 1481 707 generalis
1509 665 1612 697 dictae
1638 663 1908 706 congregationis
1927 663 1979 696 du-

1235 723 1326 750 rante
1353 717 1422 750 eius
1450 717 1555 750 officio
1591 717 1640 749 bis
1672 716 1889 760 personaliter
1922 727 1979 760 pe-

1235 781 1349 812 ragere
1377 770 1493 811 debet;
1521 770 1547 802 si
1574 775 1681 803 autem
1708 769 1853 812 legitime
1875 769 1979 812 impe-

1235 824 1321 857 ditus
1348 823 1470 864 suerit,
1496 825 1629 856 alteram
1665 833 1774 856 earum
1811 833 1868 867 per
1903 833 1980 855 suos

1235 877 1480 910 commissarios
1506 877 1680 919 deputatos
1714 876 1892 920 adimplere
1920 886 1980 919 po-

1236 935 1306 971 test,
1325 932 1393 971 sed,
1416 931 1442 963 si
1468 931 1626 974 possibile
1649 931 1755 971 suerit,
1774 932 1874 964 semel
1894 930 1980 964 eius-

1235 985 1324 1018 modi
1358 985 1578 1019 visitationem
1616 996 1676 1029 per
1712 986 1854 1029 seipsum
1889 994 1981 1028 pera-

1236 1050 1314 1082 gere
1354 1045 1504 1072 tenetur:
1531 1044 1630 1082 prout
1655 1039 1776 1082 legitur
1801 1039 1833 1072 in
1858 1039 1944 1072 libro
1970 1049 1980 1072 1

1237 1098 1432 1126 statutorum
1469 1093 1595 1126 Madriti
1626 1104 1711 1126 anno
1747 1102 1847 1126 MDCVl
1879 1092 1982 1125 edito-

1237 1157 1325 1185 rum,
1351 1157 1422 1189 cap.
1451 1156 1543 1187 xxix,
1572 1157 1605 1178 n.
1634 1156 1661 1185 1,
1690 1156 1749 1189 per
1778 1155 1862 1188 quae
1889 1155 1981 1178 man-

1238 1199 1334 1232 datur
1371 1204 1407 1231 ut
1443 1199 1542 1232 abbas
1582 1199 1746 1242 generalis
1784 1198 1893 1231 visitet
1930 1198 1980 1231 bis

1237 1252 1270 1284 in
1292 1252 1512 1296 quadriennio
1548 1263 1662 1286 omnes
1689 1253 1805 1286 domus
1846 1250 1982 1294 religio-

1237 1305 1307 1345 nis,
1342 1315 1471 1338 necnon
1505 1316 1583 1338 suae
1609 1304 1921 1346 conventualitatis,
1948 1309 1981 1338 et

1238 1364 1397 1391 oneratur
1434 1358 1502 1391 eius
1540 1359 1743 1392 conscientia
1776 1363 1810 1391 ut
1846 1358 1903 1391 has
1936 1357 1982 1391 vi-

1239 1410 1409 1444 sitationes
1447 1422 1506 1454 per
1548 1422 1581 1445 se
1622 1411 1842 1455 personaliter
1882 1421 1981 1454 agere

1238 1470 1403 1508 procuret,
1430 1465 1572 1508 primam
1598 1465 1723 1499 scilicet
1743 1465 1836 1499 annis
1858 1465 1982 1498 duobus

1239 1518 1424 1561 prioribus,
1452 1525 1485 1552 et
1509 1519 1688 1552 secundam
1725 1519 1854 1552 duobus
1889 1519 1983 1553 annis

1239 1571 1496 1614 posterioribus;
1522 1572 1548 1605 si
1574 1583 1652 1606 vero
1673 1578 1811 1616 propter
1831 1573 1982 1606 morbum

1239 1625 1386 1669 aliasque
1412 1627 1649 1670 occupationes
1666 1637 1826 1670 peragere
1844 1637 1898 1660 eas
1916 1637 1983 1660 non

1239 1680 1355 1722 possit,
1373 1680 1562 1713 decernitur
1576 1686 1607 1713 et
1621 1680 1783 1720 statuitur,
1799 1680 1857 1713 sul)
1874 1681 1984 1724 poena

1239 1733 1346 1775 gravis
1380 1734 1510 1776 cnlpae,
1545 1738 1579 1766 ut
1607 1733 1656 1766 bis
1682 1733 1715 1766 in
1740 1733 1980 1776 quadriennio,

1240 1794 1293 1821 aut
1318 1796 1378 1829 per
1403 1796 1446 1825 se,
1467 1792 1523 1819 aut
1548 1797 1607 1830 per
1631 1797 1706 1820 suos
1729 1786 1983 1827 commissarios,

1240 1841 1340 1873 ullam
1366 1841 1509 1881 domum,
1533 1840 1589 1873 sed
1616 1841 1729 1873 saltem
1754 1840 1902 1883 singulas
1923 1850 1984 1884 per

1240 1894 1383 1938 seipsum
1410 1896 1510 1927 semel
1536 1894 1665 1928 visitare
1690 1905 1757 1927 non
1783 1894 1925 1928 omittat.

1284 1948 1298 1990 g
1324 1947 1354 1980 Ξ).
1383 1948 1416 1980 In
1435 1948 1630 1991 quilmsdam
1647 1958 1723 1981 vero
1742 1948 1860 1981 litteris
1878 1947 1983 1981 felicis
1995 1951 2170 1999 [mtgssmqffitstss

1241 2002 1481 2034 recordationis
1496 2002 1584 2035 Pauli
1604 2001 1663 2034 ΡΙ).
1680 2001 1702 2033 V
1715 2001 1984 2045 praedecessoris
1995 2005 2060 2026 ¹²³²1¹¹0
2076 2004 2101 2026 V·

1240 2054 1346 2087 nostri
1373 2055 1514 2098 desuper
1547 2055 1579 2087 in
1612 2054 1711 2088 simili
1745 2055 1848 2088 forma
1874 2054 1984 2088 Brevis

1241 2107 1292 2140 die
1320 2117 1351 2141 ix
1377 2107 1562 2141 decembris
1591 2117 1691 2141 nncxt
1731 2107 1891 2151 expeditis
1932 2118 1985 2141 ea-

1241 2162 1390 2194 rumdem
1417 2161 1691 2194 constitutionum
1717 2160 1981 2203 confirmatoriis,

1241 2225 1377 2258 quarum
1414 2215 1541 2247 initium
1579 2221 1629 2248 est
1656 2215 1706 2248 Ea:
1743 2215 1890 2248 iniuncto
1925 2225 1983 2248 no-

1240 2266 1295 2307 bis,
1311 2274 1384 2308 etc.,
1398 2268 1518 2310 legitur
1535 2268 1593 2300 sic:
1614 2280 1627 2299 α
1641 2267 1794 2310 Septimo,
1813 2267 1898 2311 quod
1918 2277 1984 2300 non

1240 2321 1305 2353 sint
1322 2320 1508 2353 visitatores
1535 2331 1597 2353 nec
1622 2321 1830 2364 suppletores
1856 2330 1982 2360 eorum,

1240 2375 1295 2408 sed
1322 2374 1411 2418 quod
1438 2374 1602 2416 generalis
1627 2373 1676 2406 bis
1702 2374 1811 2406 visitet
1842 2373 1984 2415 Congre—

1240 2428 1405 2470 gationem
1424 2428 1456 2460 in
1474 2427 1692 2470 quadriennio
1712 2438 1772 2470 per
1798 2437 1832 2459 se
1857 2425 1979 2469 ipsum,

1241 2482 1266 2513 si
1287 2481 1442 2524 potuerit,
1463 2481 1529 2514 sive
1548 2492 1607 2524 per
1624 2492 1701 2513 suos
1720 2479 1980 2519 commissarios;

1241 2536 1297 2568 sed
1323 2536 1348 2567 si
1376 2535 1535 2578 possibile
1562 2534 1667 2574 suerit,
1690 2545 1754 2567 non
1774 2533 1902 2566 omittat
1924 2542 1983 2576 per

1240 2589 1381 2632 scipsum
1415 2590 1517 2622 semel
1553 2594 1676 2621 tantum
1709 2587 1840 2619 visitare
1874 2586 1983 2620 omnia

1240 2643 1444 2676 monasteria
1476 2641 1747 2685 Congregationis
1773 2651 1804 2673 »t
1832 2644 1865 2673 et
1888 2639 1981 2682 alias,
