2170 3147
14 214 60 239 An.
81 213 109 239 C.
128 212 196 240 1725

17 642 56 662 Pro
65 641 120 661 ‹lit-ta
130 646 189 659 senn-

10 667 117 689 uariorum
146 673 190 686 ere-

11 696 93 716 ctione.
109 698 190 713 eorum-

11 726 51 746 que
73 719 191 740 substenta-

10 749 73 769 tione,
82 747 130 766 taxa
142 751 191 765 con-

10 771 99 793 ficienda
130 777 191 797 prae·

10 798 123 822 ser-bitur,
164 798 190 817 ad

10 825 69 845 cuius
104 825 190 844 solutiu-

9 857 56 872 ηοω
87 850 190 871 heneti-:ia

778 215 976 239 BENEDICTL'S
1003 217 1019 239 X
1026 215 1059 238 111
1085 216 1133 239 Pr.

202 260 269 301 bus,
284 261 316 293 in
331 261 448 304 quibus
467 261 678 293 seminarium
697 260 853 294 hactenus
871 273 941 295 ere-
961 262 966 274 ⁸

202 319 288 348 ctum
301 324 364 346 non
377 314 446 353 suit,
458 313 537 346 illud
552 314 795 357 quamprimum
809 314 889 357 erigi
905 326 939 348 ac

202 366 332 400 omnino
352 366 478 399 institui
499 371 632 406 curent;
652 366 706 398 ubi
721 376 794 399 vero
814 366 875 398 iam
895 377 941 400 re-

203 419 325 462 peritur
343 424 495 458 erectum,
513 419 570 452 sed
588 418 739 461 congruis
757 418 939 451 redditibus

202 472 239 504 ad
258 472 464 505 alumnorum
484 471 777 514 magistrorumque
793 471 940 504 substen-

203 523 356 557 tationem
375 524 566 557 necessariis
589 524 780 556 instructum
799 533 862 556 non
883 528 939 563 est,

203 577 241 609 de
263 576 300 609 iis
315 603 322 615 ,
339 582 373 609 ut
396 577 488 617 infra,
508 582 692 620 opportune
715 576 916 619 provideant.

246 630 260 672 ξ
286 629 316 662 ⁶2.
344 629 486 672 Utroque
523 629 620 672 igitur
656 639 729 662 casu
745 656 753 669 ‚
789 629 939 662 nimirum

203 687 266 714 tam
291 692 350 725 pro
377 682 542 714 erectione
567 681 640 714 novi
659 682 826 714 seminarii
844 692 937 724 quain

202 746 261 778 pro
287 736 516 778 supplemento
553 735 739 768 reddituum
773 735 938 768 seminarii

202 798 265 821 iam
291 787 398 827 erecti,
419 793 522 820 taxam
540 799 612 820 cum
639 788 776 822 consilio
802 788 939 822 duorum

203 841 241 874 de
267 841 410 884 capitulo
436 845 467 873 et
494 840 628 874 totidem
662 841 701 874 de
732 842 818 874 clero
844 841 941 874 consi-

10 877 79 898 omnia
124 877 190 898 teneri
221 893 227 899 .

10 903 137 924 decernitur.

202 898 288 926 ciant
306 903 322 926 a
343 899 520 926 memorato
541 893 741 933 Tridentino,
760 904 832 937 cap.
852 903 938 934 xvnt,

202 958 281 980 sess.
308 957 386 980 xxut
411 947 457 979 De
480 947 656 989 reformat„
681 947 917 990 praescriptam
933 974 940 987 ‚

203 1000 391 1043 incipiendo
410 1000 449 1032 ab
468 999 604 1041 integris
630 999 787 1032 fructibus
813 1010 939 1033 mensae

203 1053 419 1097 episcopalis,
446 1057 477 1085 et
510 1052 630 1095 absque
665 1053 729 1086 ullo
756 1053 941 1086 discrimine

203 1105 433 1150 prosequendo
461 1105 545 1137 iuxta
571 1115 718 1138 normam
745 1105 866 1138 ibidem
889 1116 941 1138 ex-

203 1169 348 1202 pressam
372 1163 403 1191 et
428 1157 563 1201 provide
589 1159 814 1198 constitutam3
834 1158 939 1191 eidem

203 1221 278 1244 vero
304 1216 394 1244 taxae
429 1210 537 1243 omnia
563 1215 594 1243 et
619 1211 748 1253 singula
782 1211 941 1244 beneficia

203 1263 381 1297 saecularia
403 1269 434 1296 et
454 1264 614 1305 regularia
639 1274 696 1306 per
721 1274 941 1307 quoscumque

204 1317 300 1352 etiam
317 1316 516 1350 venerabiles
531 1317 646 1349 fratres
664 1323 794 1350 nostros
810 1316 840 1350 S.
858 1317 893 1350 R.
905 1317 937 1350 E.

203 1370 396 1409 cardinales,
415 1380 541 1402 necnon
568 1375 697 1402 nostros
722 1375 753 1402 et
777 1380 837 1413 pro
863 1376 941 1403 tem-

203 1434 281 1468 pore
307 1422 472 1456 existentis
499 1422 633 1456 Romani
660 1422 823 1455 Pontitleis
848 1423 940 1455 sami-

203 1477 299 1510 liares
333 1482 363 1509 et
395 1475 545 1508 Gamerae
581 1481 711 1508 nostrae
736 1476 941 1518 Apostolicae

203 1529 348 1569 clericos,
366 1528 528 1561 ministros
545 1539 581 1561 ac
598 1528 751 1561 officiales
772 1539 942 1572 quoscum-

203 1592 265 1627 que
291 1586 479 1625 praesentes
504 1587 536 1614 et
557 1581 683 1614 futuros
701 1581 841 1622 obtenta,
861 1588 891 1615 et
909 1582 941 1616 in

203 1641 366 1680 posterum
393 1634 581 1673 obtinenda,
613 1645 649 1667 ac
675 1635 783 1668 omnia
809 1635 942 1679 insuper

203 1689 358 1723 beneficia
373 1688 548 1721 saecularia
562 1689 771 1732 prioratibus,
785 1699 942 1722 commen-

203 1742 251 1776 dis
265 1742 314 1775 vel
329 1740 569 1774 baiulivatibus⁴
581 1740 710 1774 Ordinis
727 1741 861 1774 fratrum
876 1753 943 1774 san-

203 1796 244 1829 cti
269 1794 421 1828 loannnis
447 1794 733 1838 l-Iierosolyinitani
765 1795 942 1838 quomodo-

203 1859 341 1893 cumque
368 1848 467 1887 unita,
495 1853 549 1881 aut
575 1849 613 1881 de
640 1854 748 1882 cetero
773 1849 916 1882 unienda
933 1876 940 1889 ,

204 1913 332 1936 necnon
358 1902 480 1934 fructus
515 1912 550 1934 ac
583 1901 730 1934 redditus
764 1902 943 1935 confrater-

205 1956 341 1989 nitatum
380 1954 536 1987 laicorum
574 1965 609 1988 ex
643 1954 737 1989 certis
774 1954 878 1987 fundis
913 1960 944 1987 et

204 2008 398 2051 capitalibus
436 2007 666 2050 provenientes
704 2009 796 2050 (non
837 2013 942 2041 autem

205 2071 345 2094 summas
359 2060 574 2104 pecuniarias,
593 2071 676 2104 quae
691 2071 708 2093 a
725 2061 943 2094 confratribus

206 2114 355 2159 quolibet
378 2124 490 2147 mense
516 2115 565 2147 vel
592 2124 696 2154 anno,
715 2116 764 2148 vel
791 2125 849 2158 per
874 2125 944 2148 mo-

206 2168 281 2202 dum
307 2169 532 2211 eleemosynae
551 2168 598 2200 vel
619 2167 649 2200 in
668 2168 729 2200 vim
750 2173 945 2201 statutorum

205 2219 485 2262 contribuuntur)
511 2220 637 2261 subiici,
664 2226 695 2253 et
719 2221 757 2253 ad
783 2221 869 2254 illius
893 2231 945 2254 so-

206 2273 363 2307 lutionem
388 2277 545 2316 perpetuo
573 2273 695 2313 teneri,
720 2274 944 2313 decernimus,

206 2325 374 2359 statuimus
395 2330 428 2358 et
452 2326 658 2366 mandamus;
685 2327 888 2359 declarantes
914 2331 946 2359 et

206 2380 246 2412 ab
273 2382 311 2413 ea
335 2384 503 2422 exemptos
529 2389 601 2412 esse
628 2379 747 2412 debere
775 2380 944 2422 regulares

207 2442 267 2476 pro
293 2432 331 2464 iis
359 2436 483 2465 tantum
507 2431 675 2464 beneficiis
702 2433 750 2464 vel
777 2431 944 2471 fructibus,

207 2494 345 2528 qnorum
378 2485 503 2517 ratione
533 2485 610 2527 ipsis
636 2484 822 2527 Apostolica
846 2484 946 2517 Sedes

209 2538 330 2571 diserte
355 2548 391 2570 ae
417 2548 570 2581 expresse
596 2543 683 2570 etex
709 2539 804 2569 causa
821 2547 894 2569 vere
912 2547 947 2569 ac

245 2600 255 2627 1
278 2597 348 2626 Edit.
369 2598 449 2626 Main.
470 2598 535 2633 legit
555 2598 732 2627 baiulacibus
751 2600 791 2633 (n.
809 2598 858 2633 Τ.).

1624 206 1684 239 175
1733 216 1781 240 An.
1803 215 1917 242 ‹11725

986 264 1117 306 proprie
1152 263 1287 296 onerosa
1322 263 1456 296 indulsit
1489 269 1522 296 ut.
1553 264 1592 296 ab
1624 274 1722 297 onere

985 320 1076 347 taxae
1101 326 1159 358 pro
1185 316 1359 348 seminario
1386 316 1526 359 exempti
1554 316 1628 348 sint.

1027 368 1042 410 ἓ
1068 368 1098 401 3.
1127 369 1226 401 Porro
1252 369 1410 402 eiusmodi
1438 376 1508 402 taxa
1535 369 1621 402 iuxta
1642 370 1724 402 loco·
1793 381 1918 406 magnam„

985 431 1054 452 rum
1081 421 1267 463 qualitatem
1286 423 1484 464 respondere
1507 423 1622 455 debeat
1640 433 1722 455 sum-
1735 408 1919 463 &mit-pulsai&

984 483 1053 505 mae
1080 477 1243 506 scutorum
1272 474 1366 506 trium
1393 485 1453 517 pro
1479 475 1625 518 quolibet
1649 462 1919 512 cen-iSss'lfffllilss'tlsiss

985 525 1109 558 tenario
1137 530 1353 567 proventuum
1379 526 1537 566 beneficii,
1560 533 1603 567 et,
1620 528 1644 559 si
1671 538 1723 560 ne-

983 577 1117 609 cessitas
1148 583 1275 620 urgeat,
1303 582 1461 620 augeatur
1490 578 1586 610 etiam
1620 590 1721 622 usque

983 630 1021 662 ad
1040 640 1196 662 summam
1223 631 1365 673 quinque
1385 642 1442 674 pro
1459 632 1660 671 centenario,
1680 632 1721 665 ita

985 692 1150 724 nunquam
1192 682 1297 715 minor
1333 683 1431 715 scutis
1471 683 1572 715 tribus
1615 694 1722 727 neque

983 734 1085 766 maior
1110 734 1149 766 sit
1181 735 1276 767 scutis
1311 736 1454 778 quinque
1489 747 1550 779 pro
1576 737 1724 779 quolibet

983 788 1172 820 centenario
1199 794 1229 820 et
1254 798 1358 829 anno;
1386 789 1474 822 acin
1501 790 1587 822 illius
1613 790 1724 823 conie-

983 839 1090 872 ctione
1124 841 1235 883 regula
1261 852 1277 873 a
1302 841 1490 875 Tridentino
1521 842 1663 876 Concilio
1688 843 1721 876 in

984 893 1150 936 praedicto
1172 893 1314 937 capitulo
1340 904 1415 927 xvn1
1437 895 1558 928 sancita
1576 903 1723 929 accurate

984 952 1015 978 et
1033 946 1226 979 adamussim
1253 947 1453 980 observetur.
1480 948 1590 981 Donec
1615 954 1723 982 autem

984 1009 1065 1032 nora
1089 999 1171 1032 haec
1198 1006 1267 1032 taxa
1293 1000 1458 1040 confecta,
1487 1006 1518 1034 et
1543 1011 1560 1033 a
1584 1001 1724 1044 Congre-

985 1052 1113 1094 gatione
1138 1063 1156 1085 a
1180 1052 1273 1085 nobis
1298 1053 1462 1096 deputata,
1481 1059 1514 1085 ut
1538 1053 1620 1086 infra
1639 1054 1724 1087 dice-

986 1110 1044 1145 tur,
1071 1105 1251 1148 approbata
1277 1105 1388 1147 fuerit,
1416 1105 1478 1139 aba
1505 1111 1593 1146 taxa,
1629 1118 1724 1150 quam

985 1158 1192 1190 seminarium
1219 1164 1313 1191 antea
1338 1159 1467 1201 exigere
1493 1165 1724 1201 consueverat,

985 1211 1117 1244 omnino
1142 1212 1358 1254 persolvatur.
1386 1212 1532 1245 Ceterum
1559 1223 1662 1246 novae
1686 1219 1724 1246 ta-

985 1274 1041 1297 xac
1068 1265 1192 1298 exactio
1216 1275 1345 1308 semper
1370 1265 1587 1298 committatur
1612 1277 1724 1309 perso-

986 1328 1044 1350 nae
1071 1317 1132 1350 cde
1159 1324 1190 1350 et
1215 1317 1420 1350 facultatibus
1446 1318 1583 1352 idoneae
1601 1320 1639 1351 ab
1658 1319 1724 1363 epi-

985 1380 1086 1413 scopo
1113 1375 1145 1403 et
1169 1370 1366 1403 cathedralis
1400 1371 1556 1404 ecclesiae
1582 1372 1723 1415 capitulo

985 1422 1172 1465 specialiter
1197 1422 1426 1466 approbandae
1452 1434 1487 1456 ae
1509 1423 1724 1467 deputandae,

985 1476 1028 1508 ita
1044 1475 1174 1518 quidem
1193 1481 1227 1507 ut
1243 1475 1368 1519 quoties
1388 1482 1518 1509 exactor
1538 1476 1723 1511 huiusmodi

985 1529 1154 1571 negligens
1187 1533 1239 1561 aut
1273 1528 1378 1561 minus
1412 1529 1548 1562 idoneus
1575 1536 1725 1574 repertus

986 1582 1099 1621 fuerit,
1120 1581 1207 1614 itlius
1234 1583 1360 1625 culpam
1385 1582 1471 1615 idem
1498 1583 1670 1627 episcopus
1695 1589 1725 1618 et

985 1635 1161 1677 capitulum
1180 1634 1364 1678 praestare⁴
1384 1635 1530 1677 debeant,
1547 1642 1647 1679 etpro
1660 1647 1723 1670 non

987 1688 1104 1721 exactis
1136 1693 1231 1731 atque
1263 1688 1440 1731 deperditis
1478 1689 1657 1732 respective
1684 1690 1723 1723 de

987 1740 1121 1784 proprio
1148 1746 1341 1780 teneantur,
1367 1740 1524 1784 liceatque
1553 1741 1724 1775 seminario

989 1800 1050 1827 tarn
1065 1799 1176 1827 contra
1191 1800 1372 1827 exactorem
1389 1804 1483 1837 <ptam
1502 1800 1615 1827 contra
1630 1794 1725 1839 depu-

988 1853 1103 1886 tantes,
1127 1857 1305 1890 eorumque
1324 1847 1502 1887 haeredes,
1520 1858 1724 1891 quocumque

989 1907 1132 1944 tempore
1159 1910 1270 1943 agere,
1298 1900 1416 1933 nedum
1442 1910 1500 1943 pro
1527 1900 1723 1944 deperditis,

987 1953 1043 1987 sed
1064 1953 1159 1986 etiam
1186 1963 1245 1996 pro
1264 1963 1329 1986 non
1348 1952 1466 1986 exactis
1485 1953 1521 1986 ad
1540 1953 1722 1996 praecisam

988 2012 1076 2039 taxae
1095 2006 1262 2039 faciendae
1280 2016 1425 2039 normam
1448 2011 1478 2039 et
1494 2006 1721 2050 quantitatem.

1032 2059 1102 2102 gli.
1135 2059 1305 2092 Praeterea
1340 2058 1484 2102 episcopi
1521 2064 1552 2092 et
1586 2059 1726 2103 capitula
1775 2066 1921 2094 Penatium

1738 2097 1807 2112 omnes
1818 2093 1873 2113 illam
1885 2093 1921 2114 de-

988 2113 1158 2156 portiones
1195 2123 1249 2145 seu
1288 2117 1402 2155 quotas
1435 2111 1495 2144 sibi
1520 2112 1814 2165 obtingentesfflwm
1835 2122 1921 2141 leuvan-

989 2167 1076 2199 iuxta
1112 2165 1289 2209 praefatam
1328 2171 1430 2197 taxam
1467 2165 1616 2208 quolibet
1640 2176 1726 2200 anno
1772 2160 1778 2167 ’

989 2219 1121 2252 realiter
1147 2224 1177 2251 et
1202 2228 1271 2250 cum
1298 2217 1410 2250 effectu
1445 2219 1612 2261 deponere
1639 2224 1729 2252 tene-

990 2277 1084 2304 antur
1108 2281 1210 2314 penes
1231 2276 1414 2303 exactorem
1445 2271 1654 2314 deputatum,
1673 2272 1728 2315 qui

990 2335 1043 2357 eas
1069 2325 1170 2357 solvat
1202 2334 1257 2356 seu
1291 2328 1402 2365 eroget
1431 2323 1464 2355 in
1498 2329 1642 2367 sumptus
1668 2335 1727 2368 pro

990 2376 1155 2410 seminarii
1181 2376 1423 2409 manutentione
1449 2377 1670 2417 necessarios,
1697 2383 1729 2410 et

991 2436 1053 2462 tam
1072 2430 1166 2462 liuius
1185 2429 1321 2472 depositi
1341 2439 1434 2471 quam
1460 2429 1660 2462 successivae
1678 2440 1729 2462 so-

991 2482 1123 2515 lutionis
1141 2492 1197 2513 seu
1217 2481 1425 2523 erogationis,
1444 2482 1603 2524 simulque
1621 2483 1727 2515 cuius-

991 2545 1051 2577 que
1069 2534 1200 2566 alterius
1220 2544 1284 2566 non
1307 2534 1422 2574 saetae,
1443 2539 1472 2567 et
1487 2545 1548 2577 qua
1568 2535 1605 2567 de
1624 2537 1725 2575 causa,

1028 2598 1036 2623 1
1062 2595 1161 2623 Forsan
1178 2598 1310 2631 portare,
1328 2599 1374 2623 ant
1389 2595 1467 2624 aliter
1482 2596 1586 2631 corrige
1606 2600 1643 2630 (n.
1659 2596 1706 2631 T.).
