2170 3147
0 229 32 250 in.
46 220 75 249 C.
97 220 165 248 1726

9 595 46 618 Hi:
56 596 131 617 litteris
142 595 164 616 tl·

0 629 22 644 es
36 623 113 648 ubique
126 622 164 643 atl-

0 649 88 671 ibatur.

9 1332 72 1354 Nemo
81 1333 120 1353 has
129 1333 164 1353 lit-

0 1365 39 1380 πᾶς
52 1360 162 1386 intringere

0 1385 69 1407 adeat.

749 222 883 247 BENEDIC
895 221 954 246 TUS
979 222 1036 246 XIII
1060 222 1109 247 PP.

173 270 258 304 libus
280 270 435 303 fratribus
460 269 670 313 patriarchis,
696 271 913 313 archiepisco-

1595 211 1660 245 373
1711 220 1760 246 An.
1777 219 1807 247 c.
1829 219 1897 247 1726

1137 270 1319 298 Benedictus
1339 271 1421 304 Papa
1439 269 1520 298 x111.

174 324 242 368 pis,
265 322 439 366 episcopis?
460 328 491 355 et
516 323 704 355 eorumdem
728 323 856 355 vicariis
884 328 915 355 et
963 315 1150 342 Venerabilis
1170 315 1283 345 frater,
1305 315 1435 341 salutem
1454 317 1485 341 et
1504 314 1700 347 apostolicam

174 375 342 414 ministris,
361 379 408 415 ut,
427 385 485 418 pro
510 375 626 407 horum
650 375 792 407 omnium
818 375 914 417 plena

175 428 367 462 executione
390 428 524 466 tuenda,
549 427 739 460 auctoritate
765 429 821 459 sua
842 426 915 468 vigi-

173 482 253 520 lent,
279 481 427 514 invocato
453 480 562 520 etiam,
589 480 614 512 si
640 490 721 523 opus
743 479 848 519 fuerit,
875 480 913 512 ad

174 534 239 567 hoc
264 534 383 566 auxilio
408 533 533 566 brachii
560 532 747 566 saecularis.

218 588 233 630 g
258 586 289 620 8.
317 587 468 620 Volumus
494 586 616 629 pariter
632 591 667 618 ut
694 585 914 628 praesentium

173 639 353 673 litterarum
390 639 616 682 transumptis,
651 649 705 672 seu
739 637 916 680 exemplis,

175 693 272 726 etiam
297 693 488 736 impressis,
522 702 618 724 manu
644 690 779 724 alicuius
804 700 840 722 ex
866 700 916 722 se-

175 746 320 780 cretariis
347 745 484 778 ministri
509 746 559 778 vel
585 743 799 787 procuratoris
817 753 915 785 gene-

174 799 252 831 ralis
271 798 345 831 dicti
363 798 492 831 Ordinis
510 797 643 830 fratrum
662 797 820 829 Minorum
839 795 916 828 Con-

173 852 373 884 ventualium
399 857 452 883 aut
476 851 596 883 notarii
631 849 753 892 publici
778 848 916 881 subscri-

172 905 259 948 ptis,
292 911 323 938 et
348 904 455 947 sigillo
481 904 578 937 officii
604 903 749 936 eiusdem
775 901 913 934 ministri

172 960 222 991 vel
241 958 457 1000 procuratoris
475 956 637 999 generalis
667 955 768 998 ipsius
786 954 915 988 Ordinis

171 1011 222 1043 vel
247 1010 478 1052 cuiuscumque
504 1020 665 1052 personae
702 1008 733 1040 in
766 1007 915 1040 ecclesia-

172 1063 252 1096 stica
282 1062 439 1105 dignitate
464 1062 657 1094 constitutae
684 1060 830 1098 munitis,
868 1070 915 1092 ea-

174 1116 245 1148 dem
280 1126 413 1158 prorsus
446 1115 525 1147 sides
561 1115 592 1147 in
624 1113 744 1146 iudicio
770 1118 803 1146 et
827 1119 914 1146 extra

174 1168 371 1201 adhibeatur
388 1193 396 1207 ,
434 1178 517 1210 quae
561 1166 792 1209 praesentibus
833 1165 913 1209 ipsis

173 1221 415 1262 adhiberetur,
450 1221 477 1254 si
516 1221 625 1253 forent
664 1220 828 1253 exhibitae
864 1220 914 1253 vel

174 1281 338 1309 ostensae.

217 1330 233 1372 ἓ
268 1328 300 1362 9.
334 1328 420 1362 Nulli
457 1339 535 1371 ergo
569 1327 703 1361 omnino
741 1327 912 1360 hominum

174 1382 270 1415 liceat
289 1383 371 1415 hanc
389 1382 539 1425 paginam
558 1388 689 1414 nostrae
707 1381 916 1425 approbatio-

172 1435 238 1473 nis,
264 1434 508 1473 declarationis,
534 1433 804 1471 confirmationis,
823 1434 915 1467 inno-

172 1487 316 1527 vationis,
335 1487 566 1526 concessionis,
584 1487 715 1527 decreti,
732 1487 914 1525 voluntatis,

173 1541 338 1585 praecepti
357 1547 388 1573 et
406 1540 628 1582 derogationis
654 1540 844 1582 infringere,
863 1546 917 1573 aut

174 1594 203 1627 ei
233 1594 405 1627 temerario
423 1604 501 1626 ausu
519 1594 700 1634 contraire;
730 1594 755 1626 si
777 1593 848 1637 quis
865 1604 917 1626 au·

173 1653 239 1680 tem
264 1647 324 1680 hoc
349 1653 509 1680 attentare
538 1646 803 1690 praesumpserit,
832 1647 916 1680 indi-

174 1700 360 1742 gnationem
377 1701 612 1743 omnipotentis
623 1700 677 1732 Dei
694 1711 730 1733 ac
746 1701 916 1733 beatorum

173 1752 260 1786 Petri
285 1759 317 1786 et
341 1754 431 1786 Pauli
456 1754 679 1796 apostolorum
705 1753 775 1785 eius
800 1763 833 1786 se
858 1764 916 1787 no-

173 1805 256 1838 verit
278 1805 496 1838 incursurum.

217 1858 333 1891 Datum
358 1858 490 1898 Romae,
510 1859 596 1901 apud
622 1857 656 1894 S,
674 1858 814 1897 Petrum,
832 1869 915 1892 anno

173 1907 409 1944 lucarnationis
428 1911 606 1943 dominicae
627 1920 802 1951 nnccxxw,
821 1911 914 1944 tertio

174 1973 277 1997 nonas
295 1963 398 2003 iulias,
418 1963 626 2006 pontificatus
643 1964 744 1996 nostri
763 1974 846 1997 anno
867 1974 914 1998 111.

209 2025 270 2052 Dat.
292 2026 338 2053 die
358 2027 374 2053 5
393 2026 451 2053 iulii
473 2026 552 2058 1726,
571 2026 671 2060 pontis.
690 2034 764 2053 auno
779 2032 820 2053 111.

474 2220 605 2255 CXXXI.

175 2321 397 2356 Declaramur
434 2326 525 2354 ratae
564 2331 717 2353 censurae
757 2320 842 2353 latae
877 2320 916 2352 ab

227 2376 370 2419 episcopo
393 2374 554 2417 Papiensi
577 2374 614 2406 in
638 2375 809 2406 canonicos
832 2372 853 2405 ¹.

214 2473 225 2497 I
247 2471 394 2498 Clementis
413 2470 447 2497 XI
474 2470 581 2497 constit.
609 2470 672 2497 edit.
695 2476 793 2502 tinccr,
821 2469 864 2496 dle
883 2469 917 2496 24

178 2514 341 2549 decembris,
362 2514 457 2545 pontis.
479 2521 524 2544 xit.
545 2515 732 2541 confirmatum
759 2513 810 2540 fuit
835 2522 918 2545 eene-

1205 358 1454 385 benedictionem.

1003 428 1202 462 Permolesta
1217 428 1309 461 nobis
1325 429 1513 461 acciderunt
1530 438 1612 471 quae
1628 437 1700 460 con·
1736 438 1859 461 Exordium.

960 487 1008 514 tra
1034 481 1175 514 debitam
1204 481 1380 524 episcopali
1410 481 1591 514 auctoritati
1622 480 1698 514 obe-

960 534 1115 567 dientiam
1147 540 1178 566 et
1209 545 1226 566 a
1251 534 1448 567 cathedralis
1486 539 1560 567 tuae
1596 534 1699 567 eccle-

959 587 1024 619 siae
1051 586 1262 628 dignitatibus
1288 597 1323 618 ac
1348 587 1513 620 canonicis
1531 591 1700 630 perpetra-

961 644 992 670 ta
1017 643 1108 678 sunt,
1128 649 1188 670 nec
1211 638 1393 671 ommittere
1419 639 1577 671 debemus
1602 644 1636 670 ut
1660 638 1699 671 ad

961 691 1112 723 tuendam
1139 691 1332 733 dignitatem
1353 696 1439 723 tuam
1457 697 1488 723 et
1507 690 1701 723 ecclesiasti-

961 755 1029 777 cam
1065 743 1268 785 disciplinam
1294 744 1376 776 ullas
1413 743 1558 776 muneris
1596 742 1700 776 nostri

960 801 1067 839 partes
1093 796 1268 834 desideres,
1295 796 1487 837 praesertim
1522 806 1593 828 cum
1619 796 1701 828 salu-

961 849 1081 881 taribus
1107 848 1184 880 iuris
1205 848 1357 880 remediis
1384 859 1400 880 a
1420 848 1621 880 fraternitate
1648 850 1701 880 tua

960 901 1116 935 adhibitis
1159 901 1454 934 obsecundaverint
1493 901 1589 933 etiam
1626 911 1702 944 sup-

960 955 1129 998 petiasque
1157 953 1289 986 tulerint
1313 954 1462 986 mandata
1488 959 1609 986 nostra.

1003 1008 1017 1050 ἓ
1042 1007 1074 1040 1.
1101 1006 1191 1044 Quod
1218 1006 1315 1048 igitur
1341 1006 1514 1048 dignitates
1542 1013 1574 1038 et
1598 1016 1697 1039 cauo·
1712 1016 1895 1036 narathatemnr

1711 1048 1814 1062 censurae
1839 1044 1894 1063 tatae

960 1061 1059 1099 nicos,
1078 1060 1152 1092 illos
1169 1059 1308 1102 primum
1327 1070 1344 1091 a
1361 1058 1520 1091 beneficio
1546 1059 1583 1091 ad
1610 1069 1724 1091 men-a
1739 1070 1836 1098 praerato
1852 1076 1896 1094 „pa

959 1123 1047 1153 sem,
1073 1113 1192 1146 deinde
1217 1123 1234 1145 a
1259 1112 1374 1144 divinis
1400 1112 1633 1155 suspenderis,
1661 1101 1778 1145 eosst'lsst'ss.
1796 1101 1817 1116 ’Π
1833 1101 1895 1116 ⁰³⁰⁰*

960 1166 1045 1210 quod
1072 1167 1262 1199 matutinum
1289 1166 1447 1205 officium,
1474 1171 1504 1198 te
1530 1165 1697 1198 contradi-

959 1225 1052 1252 cente
1079 1230 1114 1252 ac
1138 1225 1283 1256 vetante,
1309 1219 1446 1251 recitare
1479 1219 1549 1251 ausi
1582 1219 1702 1251 fuerint

959 1277 1032 1314 post
1049 1272 1250 1314 vespertinas
1272 1272 1368 1304 horas
1386 1271 1608 1304 antecedentis
1627 1271 1702 1309 diei,

959 1326 1096 1358 obtentu
1118 1324 1328 1368 interpositae
1346 1324 1575 1367 appellationis
1600 1330 1630 1357 et
1654 1334 1703 1357 re-

960 1378 1070 1420 scripti
1098 1377 1332 1410 venerabilium
1354 1377 1486 1410 fratrum
1513 1384 1702 1410 nostrorum

960 1430 991 1464 S.
1012 1431 1049 1463 R.
1069 1431 1104 1463 E.
1127 1431 1341 1463 cardinalium
1367 1431 1449 1463 sacri
1476 1430 1609 1464 Concilii
1633 1430 1702 1462 Tri-

961 1483 1084 1516 dentini
1104 1483 1511 1525 interpretum,laudamus
1529 1482 1701 1515 consilium

960 1538 1132 1580 zelumque
1172 1536 1386 1569 fraternitatis
1427 1543 1499 1569 tuae
1524 1548 1532 1577 ·,
1573 1546 1703 1568 causam

961 1595 1068 1623 autem
1094 1590 1250 1623 eiusmodi
1278 1600 1294 1622 a
1319 1600 1524 1633 quocumque
1551 1589 1703 1623 tribunali

960 1654 997 1676 ac
1014 1643 1132 1676 iudicio
1154 1643 1192 1676 ad
1212 1653 1270 1675 nos
1291 1643 1492 1683 advocantes,
1519 1649 1606 1676 motu
1625 1654 1704 1687 pro-

960 1696 1053 1739 prio,
1080 1706 1115 1728 ex
1144 1697 1230 1728 certa
1255 1695 1390 1728 scientia
1415 1702 1447 1729 et
1472 1698 1597 1729 matura
1623 1696 1704 1729 deli·

960 1749 1147 1789 beratione,
1182 1759 1335 1781 censuras
1369 1748 1550 1781 antedictas
1582 1750 1703 1783 validas

961 1812 1030 1835 esse
1057 1802 1261 1835 decernimus
1287 1813 1323 1835 ac
1348 1802 1560 1835 declaramus.

1004 1855 1018 1897 ἓ
1043 1854 1075 1887 9..
1102 1855 1289 1887 Mandantes
1315 1855 1452 1897 proinde
1473 1860 1589 1888 utnon
1607 1855 1724 1906 aliter‘³
1743 1859 1896 1907 5scss³⁰ss¹¹⁵¹2¹ffls

960 1907 1175 1940 absolutionis
1200 1907 1394 1941 beneficium
1419 1913 1532 1951 petere
1561 1909 1699 1951 possint,
1713 1892 1774 1938 eiiam
1788 1894 1896 1937 paucum

1712 1941 1837 1964 apostolico,
1857 1940 1896 1960 ah-

959 1961 1096 2003 quamsi
1123 1961 1380 2004 resipiscentiam
1407 1960 1616 2005 debitamque
1642 1962 1788 1995 tibi⁵0¹uss⁰
1812 1967 1838 1986 ³²1
1861 1968 1896 1986 1¹⁵·

1712 1992 1758 2012 dem
1770 1998 1864 2013 censuris
1875 1995 1898 2012 et

959 2014 1175 2047 reverentiam
1201 2014 1320 2047 idonea
1344 2014 1576 2054 satisfactione,
1603 2018 1803 2065 quam'sgffllssg
1816 2019 1896 2070 9³02&

960 2067 1069 2100 iudicii
1100 2067 1291 2110 arbitriique
1332 2067 1378 2099 tui
1420 2077 1492 2100 esse
1532 2068 1849 2108 volumusfflroceueum.

959 2120 1021 2163 ipsi
1053 2120 1291 2163 probaverint,
1318 2120 1402 2153 hanc
1427 2125 1534 2153 autem
1559 2121 1613 2153 ubi
1640 2120 1701 2154 rite

959 2172 1174 2215 legitimeque
1202 2172 1442 2215 praestiterint,
1469 2173 1501 2205 in
1530 2174 1581 2205 tua
1609 2178 1702 2216 pote-

959 2229 1040 2257 state
1063 2225 1124 2257 crit
1150 2225 1294 2264 eosdem,
1322 2225 1438 2268 quibus
1462 2235 1495 2258 se
1521 2225 1702 2258 obstrinxe-

960 2283 1031 2309 rant
1054 2277 1203 2310 censuris
1228 2277 1416 2316 absolvere,
1442 2277 1519 2320 quin
1546 2277 1643 2310 etiam
1667 2277 1702 2310 in

960 2330 1198 2372 irregularitate
1235 2340 1307 2362 cum
1345 2330 1383 2362 iis
1422 2330 1612 2372 dispensare
1647 2330 1702 2373 qui

960 2382 1107 2415 censuris
1144 2382 1277 2428 obnoxii
1314 2392 1381 2415 rem
1419 2382 1557 2415 divinam
1597 2383 1702 2416 facere

960 2434 1028 2467 ausi
1054 2439 1140 2467 sunt.
1168 2434 1257 2472 Quod
1296 2435 1320 2466 si
1353 2435 1436 2467 intra
1468 2440 1593 2478 tempus
1625 2446 1642 2467 a
1672 2441 1702 2469 te

961 2487 1181 2520 definiendum
1225 2487 1465 2521 absolutionem
1508 2489 1701 2531 veniamque

177 2560 234 2587 rale
260 2560 431 2587 interdictum
459 2558 580 2594 episcopi
609 2559 636 2585 in
665 2558 774 2585 civitate
792 2558 917 2594 Lyciensi
959 2550 1108 2584 poscere*
1131 2540 1265 2583 tibique»
1282 2545 1326 2572 ⁷¹1¹·
1350 2551 1408 2583 ΡΜ
1433 2546 1492 2581 est,
1515 2541 1701 2574 3²15thssssOE

179 2607 206 2632 et
223 2604 354 2632 dioecesi.

961 2593 1223 2635 detrectaverint,
1242 2593 1425 2628 facultatem
1450 2593 1506 2628 tibi
1530 2594 1699 2637 largimur,
