2170 3147
6 183 54 210 An.
75 183 104 209 C.
123 182 189 209 ¹727

777 182 968 206 umnmcrcs
995 183 1048 205 xm
1074 184 1120 206 rr.
1613 171 1671 204 (201
1724 180 1772 205 An.
1797 177 1910 206 &1727

197 230 470 274 praeeminentiis,
489 231 732 273 praerogativis,
754 230 932 263 honoribus

198 283 307 325 gratiis
332 288 363 316 et
387 283 529 320 indultis,
549 283 667 325 quibus
685 284 767 315 aliae
787 283 861 316 dicti
878 283 933 315 Or-

197 335 280 368 dinis
304 335 509 378 provinciae¹
536 341 600 368 tam
627 336 666 368 de
696 336 784 374 iure,
808 346 866 367 usu
901 342 933 368 et

197 388 440 427 consuetudine,
466 399 560 430 qnam
583 388 661 420 alias
686 388 933 430 quomodolibet

197 446 347 481 utuntur,
374 441 541 480 fruuntur,
567 446 599 473 et
623 441 783 483 gaudent,
808 452 844 474 ac
867 442 930 481 uti,

199 494 257 526 frui
283 499 314 526 et
339 494 481 536 gaudere
506 499 642 536 possunt
666 499 698 526 et
723 499 876 536 poterunt
901 494 932 526 in

198 548 339 579 l'uturum
366 547 435 589 pari
455 546 549 579 modo
571 551 602 578 et
618 546 739 589 absque
757 547 822 578 ulla
846 557 933 589 pror-

181 595 250 631 'sus
276 598 457 631 differentia
482 599 546 638 uti,
576 599 637 631 frui
668 604 699 631 et
724 599 863 641 gaudere
896 599 932 632 li-

31 821 146 842 ctausutac.

26 1556 184 1582 Derogatortae.

30 1767 93 1788 Fides
107 1768 185 1788 hat-on-

4 1795 31 1815 da
41 1797 184 1820 transumptis.

197 652 270 684 bere
296 656 327 684 et
350 652 437 684 licite
461 651 587 694 possint
612 656 642 683 et
663 651 799 690 valeant,
824 657 932 684 aucto<

197 704 289 736 ritate
315 704 510 746 apostolica,
551 709 661 736 tenore
698 703 930 746 praesentium,

197 761 356 799 perpetuo
382 757 533 799 erigimus
557 762 588 790 et
611 756 819 789 instituimus.

240 811 255 852 ἓ
275 809 306 842 3.
334 810 567 849 Decernentes‚
588 810 715 842 easdem
743 815 931 852 praesentes

199 862 324 895 litteras
350 873 478 906 semper
502 862 629 901 firmas,
655 862 775 895 validas
801 867 832 895 et
865 862 932 895 essi-

197 925 290 948 caces
315 915 453 948 existere
479 920 510 947 et
537 916 626 955 sore,
649 926 791 958 suosque
819 917 932 958 plena-

198 967 263 1000 rios
289 972 320 999 et
345 967 489 1009 integros
522 967 653 999 etl'ectus
683 967 789 999 sortiri
817 973 848 1000 et
877 968 932 1000 ob-

198 1020 321 1059 tinere,
348 1031 384 1052 ac
409 1020 482 1059 illis,
509 1021 547 1052 ad
573 1031 653 1063 quos
681 1026 804 1062 spectat
822 1026 853 1052 et
871 1031 930 1063 pro

198 1079 342 1115 tempore
380 1073 650 1116 quandocumque
687 1074 864 1116 spectabit,
898 1074 930 1106 in

196 1127 345 1159 omnibus
370 1132 401 1158 et
429 1137 489 1169 per
513 1127 622 1159 onmia
655 1127 843 1169 plenissime
870 1130 931 1160 sus-

196 1179 330 1221 t'ragari,
356 1184 388 1211 et
412 1180 451 1212 ab
477 1179 521 1211 eis
547 1180 726 1222 respectIve
760 1180 929 1213 inviolabi-

195 1232 267 1264 liter
289 1232 472 1271 observari·,
492 1232 602 1275 sicque
621 1233 652 1264 in
671 1234 855 1275 praemissis
873 1243 931 1275 per

194 1295 397 1327 quocumque
428 1285 552 1318 iudices
579 1285 761 1318 ordinarios
789 1291 819 1318 et
843 1287 930 1318 dele-

195 1342 298 1379 gatos,
319 1338 415 1370 etiam
437 1350 606 1371 causarum
628 1339 739 1382 palatii
761 1339 928 1382 apostolici

195 1390 376 1431 auditores,
398 1402 433 1424 ac
457 1392 487 1423 S.
505 1392 541 1424 R.
562 1392 596 1424 E.
616 1392 814 1432 cardinales,
835 1393 929 1425 etiam

196 1442 234 1476 de
260 1444 362 1476 latere
388 1445 523 1486 legatos,
551 1450 583 1477 et
606 1445 814 1487 Apostolicae
839 1445 930 1478 Sedis

195 1496 382 1538 praedictae
397 1497 543 1536 nuncios,
554 1497 672 1530 aliosve
685 1498 848 1540 quoslibet
858 1499 930 1531 etc.‘³

239 1549 254 1591 ἓ
277 1549 309 1582 4.
337 1549 407 1583 Non
432 1550 636 1583 obstantibus
663 1551 867 1594 praemissis,
895 1562 930 1584 ac

195 1602 482 1635 constitutionibus
510 1609 542 1636 et
566 1604 825 1637 ordinationibus
854 1615 930 1647 apo-

196 1656 327 1695 stolicis,
342 1666 481 1695 necnon,
501 1662 659 1699 quatenus
685 1668 766 1700 opus
788 1658 835 1695 sit,
854 1658 930 1690 Con-

196 1709 392 1751 gregationis
419 1715 450 1742 et
474 1708 631 1749 Ordinis,
650 1710 746 1742 etiam
773 1710 850 1743 ete.⁸

239 1762 253 1804 ἓ
285 1762 316 1794 5.
351 1762 503 1794 Volumus
536 1768 641 1794 autem
681 1769 714 1795 ut
745 1764 928 1796 earumdem

194 1814 375 1847 litterarum
400 1815 620 1857 transumptis,
646 1826 755 1855 manu,
784 1816 860 1848 etc.⁴

237 1866 350 1898 Datum
375 1867 505 1906 Romae,
528 1868 612 1910 apud
633 1868 663 1900 S.
685 1868 814 1901 Mariam
833 1869 930 1902 Maio-

196 1929 285 1959 rem,
317 1920 377 1952 sub
408 1921 529 1952 annulo
556 1921 756 1961 I'iscatoris‚
797 1922 848 1954 die
880 1933 929 1955 xtv

197 1972 322 2013 augusti
353 1981 550 2012 MDccxxvn,
580 1974 790 2015 pontificatus
827 1975 929 2006 nostri

197 2033 334 2056 annotv.

233 2084 291 2111 Dat.
312 2086 356 2111 die
378 2086 408 2112 14
428 2086 534 2120 augusti
558 2087 634 2119 1727,
652 2087 749 2121 pontif.
767 2096 840 2114 anno
861 2095 896 2114 ιν.

484 2214 636 2249 CXCVIII.

198 2285 363 2318 Statuitur
394 2289 429 2318 ut
460 2296 550 2318 nemo
584 2291 806 2320 testamentwn
840 2289 932 2330 confi-

241 2349 308 2371 cere
345 2339 381 2371 in
418 2339 568 2381 partibus
601 2339 779 2372 Indicarum
813 2341 927 2381 valeat,

234 2429 243 2452 1
268 2426 337 2452 Edit.
355 2425 435 2452 Main.
451 2426 517 2460 legit
536 2427 599 2454 alfia
658 2428 811 2461 provincia
827 2429 864 2462 (a.
880 2429 929 2464 ππ).

231 2472 247 2496 2
269 2470 300 2496 Ut
319 2478 399 2505 supra
420 2478 479 2505 pag.
500 2470 552 2498 580·
571 2479 589 2497 α
608 2471 648 2504 (n.
669 2471 718 2504 T.).

231 2514 248 2540 3
270 2513 301 2540 Ut
320 2521 401 2548 supra
420 2522 481 2549 pag.
504 2514 551 2541 471
574 2523 592 2540 a
612 2514 651 2547 (a.
667 2515 716 2549 Τ.).

232 2558 248 2585 4
266 2557 299 2585 Ut
318 2565 398 2593 supra
418 2565 479 2593 pag.
501 2557 533 2584 72
554 2559 568 2585 b
590 2559 687 2594 (n.T.).

269 2611 350 2644 Bull.
364 2612 447 2643 Rom.
463 2627 496 2633 —
516 2612 576 2642 Voc.
591 2612 684 2642 XXII.
828 2614 861 2644 76

1019 231 1100 273 quin
1118 230 1270 273 aliquam
1287 230 1523 272 eleemosynam
1549 229 1719 271 applican-

1020 284 1096 316 dam
1121 284 1226 316 Manli
1250 288 1349 316 erecto
1374 293 1431 326 pro
1448 282 1621 315 animabus
1645 293 1719 324 pur-

1019 337 1142 380 9at0rii
1166 335 1362 379 relz'nquat¹.

1152 425 1334 453 Benedictus
1355 425 1435 459 Papa
1456 426 1540 459 XIII,

1116 469 1152 496 ad
1172 470 1306 496 futuram
1329 469 1373 497 rei
1393 470 1576 496 memoriam.

1020 548 1079 590 §¹1.
1101 547 1196 587 Alias,
1221 548 1350 580 nomine
1368 548 1522 580 carissimi
1541 548 1571 580 in
1591 548 1716 581 Christo
1754 559 1851 579 Refertur
1867 564 1911 579 m-

977 601 1033 632 alii
1060 601 1159 633 nostri
1190 601 1331 643 Philippi
1366 602 1594 644 Hispaniarum
1629 588 1912 643 regisssl'ssf'l'f'ffiiffi}

977 653 1129 685 catholici
1156 653 1250 686 nobis
1275 654 1440 696 exposito,
1463 654 1566 696 quod,
1586 664 1656 685 eum
1683 655 1715 685 in
1727 638 1811 659 Mffl'm'

977 705 1099 748 oppido
1121 705 1237 738 Itlatriti
1259 706 1443 739 Tolenanae
1462 705 1619 739 dioecesis
1646 706 1715 748 qui-

977 758 1047 790 dam
1087 757 1176 790 Mons
1213 757 1344 790 Pietatis
1383 769 1441 801 pro
1481 758 1648 790 animabus
1684 758 1715 790 in

976 811 1165 852 purgatorio
1190 811 1413 849 existentibus,
1431 811 1480 843 cui
1501 812 1570 853 ipse
1596 811 1716 853 Philip-

976 873 1034 906 pus
1051 873 1103 896 rex
1122 874 1182 906 pro
1201 863 1287 896 illius
1305 864 1479 896 stabilitate
1495 870 1526 896 et
1540 869 1715 906 augmento

976 917 1151 948 nonnullas
1177 916 1294 957 gratias
1321 921 1542 953 concesserat,
1569 921 1715 949 erectum

976 969 1096 1008 suisset,
1124 969 1219 1012 eique
1246 970 1382 1002 dilectus
1416 969 1499 1002 tilius
1526 969 1715 1001 Franciscus

975 1021 1102 1063 pigner,
1128 1026 1203 1054 tune
1229 1022 1315 1054 illius
1340 1022 1542 1062 capellanus,
1570 1021 1714 1063 dictique

974 1074 1091 1106 Montis
1109 1075 1355 1107 administrator
1376 1074 1547 1116 generalis
1566 1085 1714 1116 maguam

975 1124 1168 1166 utilitatem,
1206 1137 1288 1169 quae
1314 1132 1420 1159 atam
1461 1127 1512 1169 pia
1550 1126 1714 1159 erectione

975 1179 1195 1221 proveniebat,
1216 1180 1388 1219 retulisset,
1407 1190 1518 1211 rerum
1546 1179 1631 1212 enim
1659 1191 1714 1211 an-

974 1242 1014 1264 no
1029 1241 1194 1265 MDCCxxtll
1213 1233 1378 1274 octoginta
1398 1233 1498 1265 millia
1514 1233 1658 1272 circiter,
1683 1239 1715 1265 et

974 1285 1126 1327 sequenti
1152 1295 1237 1317 {inno
1262 1285 1471 1328 septuaginta
1497 1286 1596 1318 millia
1618 1286 1713 1319 duca-

976 1344 1080 1370 torum
1106 1343 1255 1370 monetae
1282 1338 1408 1371 illarum
1441 1340 1580 1381 partium
1607 1340 1714 1372 distri-

974 1392 1051 1423 buta
1087 1399 1212 1430 essent,
1240 1398 1271 1424 et
1302 1403 1338 1424 ex
1365 1393 1479 1424 eadem
1506 1393 1619 1425 Montis
1644 1404 1714 1426 ere-

974 1444 1083 1477 ctione
1125 1449 1252 1477 centum
1288 1445 1422 1486 triginta
1459 1451 1582 1488 septem
1623 1447 1713 1479 mille

974 1502 1102 1529 centnm
1127 1497 1240 1539 viginti
1267 1503 1330 1530 tres
1358 1499 1476 1530 missae
1503 1509 1561 1540 pro
1587 1510 1713 1531 earum-

975 1551 1046 1583 dem
1085 1550 1267 1582 animarum
1308 1551 1515 1593 purgantium
1558 1552 1712 1594 suffragio

974 1603 1167 1641 celebratae,
1194 1604 1264 1646 ipse
1291 1604 1460 1646 Philippus
1488 1615 1541 1637 rex
1561 1606 1622 1637 boc
1643 1616 1714 1637 san-

973 1662 1058 1689 ctum
1083 1666 1165 1698 opus
1191 1656 1223 1688 in
1250 1656 1318 1688 dies
1341 1657 1453 1699 augeri
1478 1663 1654 1700 exoptans,
1681 1662 1713 1689 ut

973 1709 1004 1740 in
1047 1708 1247 1741 testamentis
1281 1715 1333 1740 aut
1364 1709 1395 1740 in
1421 1709 1542 1741 ultimis
1567 1710 1713 1742 volunta-

975 1762 1058 1794 tibus
1083 1761 1264 1794 incolarum
1295 1761 1426 1793 istorum
1460 1772 1636 1804 regnorum
1664 1763 1713 1794 Ῑιι-

974 1815 1099 1847 diarum
1134 1814 1266 1857 aliquod
1305 1814 1483 1846 subsidium
1521 1826 1579 1858 pro
1624 1815 1712 1849 dicto

974 1868 1080 1900 Monte
1095 1868 1235 1910 relinqui
1250 1868 1396 1907 deberet,
1406 1879 1477 1900 cuin
1497 1870 1712 1902 concessione

974 1922 1070 1953 ctiam
1114 1920 1248 1953 alieuius
1289 1920 1512 1962 indulgentiae
1554 1932 1613 1963 pro
1648 1922 1710 1955 illis

974 1973 1028 2016 qni
1069 1973 1246 2005 subsidium
1284 1972 1469 2005 huiusmodi
1516 1979 1711 2008 testamento

974 2031 1026 2058 aut
1052 2026 1164 2058 ultima
1197 2026 1362 2058 voluntate
1396 2026 1557 2068 legassent
1593 2032 1624 2060 et
1659 2028 1713 2060 ali-

974 2089 1068 2120 quam
1094 2080 1334 2121 eleemosynam
1365 2079 1399 2110 in
1425 2079 1486 2111 lioc
1522 2090 1603 2122 opus
1637 2090 1713 2113 con-

975 2132 1139 2171 tulissent,
1173 2142 1190 2163 a
1214 2131 1307 2163 nobis
1332 2131 1455 2173 iniungi
1481 2133 1709 2173 desiderabat;

974 2194 1032 2216 nos
1073 2184 1315 2217 venerabilibus
1357 2184 1512 2217 fratribus
1551 2185 1712 2229 arehiepi-

973 2237 1081 2279 scopis
1115 2241 1146 2269 et
1171 2237 1336 2279 episcopis
1360 2237 1523 2271 Indiarum
1555 2238 1712 2272 Occiden-

975 2289 1101 2328 talium,
1128 2294 1162 2320 ut
1185 2289 1327 2331 populos
1352 2288 1411 2320 sibi
1436 2289 1598 2323 subiectos
1625 2292 1711 2324 exci-

975 2346 1081 2374 tarent
1116 2342 1154 2373 ad
1190 2341 1396 2374 devotionem
1432 2342 1641 2386 relinquendi
1678 2344 1711 2376 in

1007 2430 1020 2456 1
1043 2429 1098 2456 Atia
1118 2429 1196 2456 huius
1218 2429 1352 2457 Pontificis
1371 2433 1458 2457 const.
1475 2431 1541 2458 edit.
1558 2439 1710 2467 unccxxvn,

972 2473 1015 2500 (lie
1036 2474 1064 2499 111
1087 2473 1189 2507 martii,
1209 2475 1305 2508 pontif.
1326 2481 1363 2507 ιν,
1384 2475 1542 2503 confirmata
1561 2477 1637 2509 fuere
1653 2477 1710 2512 pri-

972 2516 1040 2551 legia
1070 2520 1096 2543 et
1122 2517 1306 2553 indulgentiae
1334 2519 1458 2554 personis
1494 2519 1709 2549 Terraesanctae

972 2569 1112 2591 concessa.
