2170 3147
214 241 262 268 An.
280 241 310 268 c.
334 241 401 268 1729
447 231 512 266 804

303 2154 334 2166 illl
383 2162 386 2166 ι

220 2181 225 2193 1
249 2170 281 2193 riiv
302 2174 403 2195 adscribi-

221 2204 259 2220 tui.

279 2122 402 2140 §uiuet-*ultim

410 291 546 324 brachio
572 302 754 335 percussae,
781 301 874 334 quae,
894 291 953 323 sub
977 290 1073 323 tinem
1093 301 1152 323 no-

409 345 575 377 vemdialis
611 344 724 377 ieiunii
758 355 775 377 a
807 354 840 377 se
867 343 1008 376 instituti
1035 343 1067 376 in
1093 343 1152 376 ho-

409 409 522 431 norem
550 399 585 431 B.
612 398 750 438 loannis,
777 402 943 431 momento
962 397 1057 430 citius
1075 407 1153 430 con-

408 452 528 491 valuit,
556 452 659 484 altero
686 462 762 484 vero
800 451 832 484 in
870 451 1021 493 septenni
1043 451 1153 493 puella

410 504 537 537 llosalia
568 504 814 545 Ilodaneltiana,
842 509 940 537 noctu
973 503 1004 536 in
1032 504 1151 536 flumen

410 559 595 591 Wactavam
618 560 717 602 lapsa,
736 568 829 601 quae,
850 557 997 590 eiusdem
1017 557 1076 589 viri
1095 556 1150 589 Dei

409 612 591 655 patrocinio
617 623 633 644 a
659 617 761 644 matre
788 611 973 654 implorato,
1001 615 1076 654 post
1094 610 1153 643 ho-

409 676 463 699 rae
490 665 635 709 spacium
674 676 712 698 ex
746 665 861 708 aquis,
893 664 949 696 ubi
976 674 1084 697 mersa
1109 663 1153 696 ia-

409 725 529 759 cuerat,
558 719 731 752 incolumis
759 718 875 751 educta
895 723 959 750 est:
987 728 1047 750 nos
1065 717 1152 751 Ioan-

409 783 482 806 nem
509 772 785 816 Nepomucenum,
806 772 847 804 ob
867 778 1026 804 servatam
1046 771 1153 814 legem

409 825 518 858 arcani
544 824 764 858 confessionis
800 823 1048 857 sacramentalis
1084 823 1152 856 vio-

409 881 495 912 lenta
522 889 602 912 nece
629 884 849 922 peremptum,
868 883 1025 911 consueto
1043 877 1154 911 Eccle-

409 933 474 965 siae
501 933 666 966 Romanae
693 932 755 965 ritu
782 932 814 964 in
833 937 1015 965 sanctorum
1035 930 1153 964 Christi

409 993 588 1031 martyrum
614 996 772 1019 canonem
793 986 917 1019 referre
937 985 1153 1018 decrevimus:

410 1052 469 1085 pro
496 1052 558 1084 quo
578 1041 752 1074 referendo
772 1039 957 1073 carissimus
976 1039 1008 1071 in
1027 1039 1153 1072 Christo

411 1095 493 1128 tilius
519 1101 630 1128 noster
655 1095 788 1129 Carolus
812 1093 848 1126 Vl
882 1093 1063 1136 imperator
1090 1094 1155 1126 ele-

411 1154 477 1182 ctus
515 1148 742 1191 Hispaniarum
776 1147 959 1180 catholicus
985 1151 1016 1178 ct
1042 1145 1155 1178 Roma-

411 1213 539 1239 norum,
568 1201 753 1244 llungariae
779 1211 814 1234 ac
839 1200 1014 1233 Boliemiae
1043 1210 1095 1232 rex
1118 1199 1156 1232 it-

411 1256 528 1294 lustris,
548 1261 580 1287 et
605 1254 769 1287 carissima
795 1254 828 1286 in
854 1253 980 1286 Christo
1007 1253 1071 1286 tilia
1097 1263 1155 1286 no-

411 1315 476 1341 stra
494 1308 680 1341 Elisabetha
695 1308 871 1347 Christina,
887 1307 1035 1339 eiusdem
1050 1306 1154 1339 Caroli

410 1372 500 1400 uxor,
523 1368 553 1394 et
572 1362 694 1394 Amalia
721 1361 817 1394 vidua
842 1361 948 1394 clarae
974 1360 1155 1393 memoriae

411 1415 542 1458 losephi
569 1416 646 1448 olim
673 1415 878 1458 imperatoris
898 1414 1002 1453 electi,
1030 1413 1157 1446 itidem-

412 1480 474 1513 que
501 1469 687 1502 carissimus
714 1469 745 1500 in
772 1468 900 1501 Christo
933 1467 1019 1501 iilius
1045 1472 1158 1500 noster

411 1524 595 1557 Fridericus
630 1524 794 1566 Augustus
831 1522 989 1555 Poloniae
1026 1532 1082 1555 rex
1120 1523 1156 1554 il-

412 1578 534 1617 lustris,
560 1578 810 1621 compluresque
828 1576 943 1609 §.aa
972 1576 1156 1609 cardinales

413 1631 674 1674 archiepiscopi,
709 1630 856 1675 episcopi
897 1636 928 1662 et
964 1630 1156 1663 Germaniae

413 1684 577 1728 principes
615 1683 652 1716 ab
695 1683 790 1716 initio
830 1693 948 1716 causae
990 1683 1158 1726 supplices

413 1748 525 1781 preces
552 1737 627 1770 huic
655 1736 863 1780 Apostolicae
890 1735 966 1769 Sedi
1004 1746 1158 1780 porrexe-

412 1797 496 1831 rant,
523 1801 661 1834 suasque
688 1791 751 1823 iam
785 1790 926 1834 porrigit
960 1790 1156 1823 venerabilis

414 1846 512 1879 frater
543 1845 770 1879 Ferdinandus
802 1843 1093 1888 archiepiscopus,
1127 1849 1159 1876 et

414 1910 492 1942 prae
519 1899 635 1933 ceteris
669 1899 779 1931 dilecti
805 1898 881 1937 filii,
920 1898 1099 1941 capitulum
1128 1903 1159 1930 et

415 1953 562 1986 canonici
589 1951 864 1995 metropolitanae
890 1951 1050 1985 eeclesiae
1083 1952 1158 1985 Pra-

415 2007 546 2049 gensis‚
573 2006 688 2039 eximia
714 2011 746 2039 et
770 2006 867 2049 plane
893 2005 1051 2048 singulari
1081 2016 1159 2049 erga

415 2061 574 2102 collegam
600 2070 694 2092 suum
721 2059 893 2092 devotione
920 2059 1123 2092 inflammati.

459 2115 473 2157 ξ
499 2115 529 2147 8.
554 2114 586 2147 lu
606 2114 706 2147 tribus
724 2124 801 2156 ergo
821 2113 1024 2147 consistoriis
1042 2119 1074 2146 ct
1095 2115 1159 2156 plc-

416 2170 506 2202 nario
531 2174 694 2202 conventu
715 2169 904 2202 eorumdem
923 2168 1161 2202 venerabilium

417 2226 549 2256 fratrum
569 2229 750 2256 nostrorum
769 2223 800 2256 S.
821 2223 858 2256 R.
879 2223 913 2256 Ε.
934 2223 1160 2263 cardinalium,

417 2276 689 2319 patriarcharum,
708 2276 1031 2320 archiepiscoporum
1049 2282 1080 2310 et
1099 2277 1161 2320 epi·

417 2329 781 2373 scoporum‚nobisc1un
793 2329 914 2362 Romae
929 2330 1161 2373 praesentium,

418 2383 577 2415 universis
612 2383 649 2415 ad
683 2383 812 2415 beatum
838 2382 955 2416 Christi
988 2388 1162 2427 martyrem

417 2435 569 2468 loannem
609 2435 878 2479 Nepomucenum
918 2435 1162 2479 pertinentibus

419 2499 476 2530 pro
502 2499 592 2521 more
620 2489 795 2529 discussis,
829 2490 975 2523 unanimi
1002 2491 1163 2524 sententia

419 2552 477 2583 per
504 2543 710 2584 Apostolicae
743 2543 835 2576 Sedis
873 2544 1018 2577 notarios
1055 2555 1163 2577 coram

418 2594 513 2627 nobis
533 2597 675 2638 excepta,
695 2602 768 2638 post
788 2602 892 2630 tantae
919 2597 966 2630 rei
992 2597 1164 2640 perficien-

420 2649 478 2681 dae
505 2649 684 2682 solemnem
711 2648 797 2682 diem
834 2650 1009 2691 indictam,
1038 2661 1162 2695 perque

990 240 1175 266 mJLLAmUM
1199 240 1357 266 ROMANUM

1197 291 1371 329 orationes,
1391 290 1510 324 ieiunia
1537 296 1569 324 ct
1593 292 1815 336 eleemosynas
1841 290 1945 324 omni—

1197 344 1340 387 potentis
1356 344 1410 377 Dei
1430 355 1524 386 opem
1544 344 1574 377 in
1595 355 1628 377 re
1646 347 1729 377 tanta
1745 344 1944 378 absolvenda

1199 398 1436 432 ferventissime
1453 398 1669 442 imploratam,
1681 399 1843 440 omnihus,
1859 409 1942 443 quae

1197 453 1234 485 ad
1255 457 1496 486 autecessorum
1516 458 1702 486 nostrorum
1722 452 1943 485 Romanorum

1196 506 1389 539 Pontificum
1416 506 1665 539 constitutiones
1696 512 1727 539 et
1747 505 1876 540 S.R.E.
1897 506 1945 539 di-

1198 560 1371 603 sciplinam
1387 561 1513 603 agenda
1529 565 1632 600 erant,
1648 562 1773 593 summa
1787 559 1944 603 religione

1196 614 1344 657 peractis,
1368 614 1429 647 hae
1448 614 1519 657 ipsa
1537 614 1588 647 die
1608 614 1638 646 in
1659 614 1819 646 honorem
1845 613 1878 645 B.
1896 612 1944 646 Io-

1197 667 1291 711 sephi
1326 667 1527 700 confessoris
1566 671 1597 699 et
1633 666 1792 709 Deiparae
1832 666 1944 710 sponsi

1197 721 1262 754 Deo
1290 723 1391 761 sacra,
1417 723 1482 753 una
1508 731 1579 753 cum
1606 721 1667 753 iam
1695 720 1789 753 dictis
1814 729 1947 752 venera-

1197 775 1317 808 bilibus
1345 775 1499 807 sratribus
1524 775 1641 807 nostris
1673 773 1704 807 S.
1725 774 1764 806 P..
1783 773 1818 806 Ε.
1843 772 1946 805 cardi-

1198 827 1348 866 nalibus,
1374 827 1583 871 patriarchis,
1622 825 1876 870 archiepiscopis
1914 830 1947 859 et

1198 881 1374 924 episeopis,
1403 885 1434 914 ct
1460 881 1596 913 maxima
1622 880 1790 923 utriusque
1812 878 1889 912 cleri
1916 883 1947 911 et

1198 935 1312 978 populi
1340 934 1534 978 frequentia,
1553 933 1584 966 in
1605 939 1843 967 sacrosanctam
1864 932 1948 965 basi-

1198 988 1294 1021 licam
1334 988 1585 1021 Latcranenscm
1622 987 1688 1020 Deo
1721 985 1946 1030 supplicantes

1199 1041 1424 1081 convenimus,
1441 1042 1497 1073 ubi
1516 1041 1630 1077 semel.
1650 1041 1767 1073 iterum
1795 1045 1826 1073 et
1851 1038 1946 1072 tertio

1200 1105 1260 1138 pro
1286 1094 1406 1127 Christi
1433 1095 1554 1127 famulo
1581 1094 1699 1127 Ioanne
1717 1092 1947 1137 Nepomuceno

1198 1154 1386 1182 sanctorum
1414 1154 1589 1191 martyrum
1617 1146 1733 1180 canoni
1760 1145 1949 1179 adscriben-

1200 1203 1240 1235 do
1263 1212 1322 1245 per
1348 1202 1502 1234 dilectum
1529 1201 1628 1233 silium
1648 1206 1795 1233 nostrum
1813 1199 1947 1232 Michae-

1200 1256 1262 1287 lem
1283 1255 1483 1288 Fritlericum
1502 1254 1533 1287 S.
1550 1254 1587 1286 R.
1604 1254 1638 1286 Ε.
1662 1253 1742 1286 tituli
1762 1252 1794 1285 S.
1809 1252 1947 1285 Sabinae

1200 1309 1425 1353 presbyterum
1441 1307 1641 1340 cardinalem
1659 1308 1697 1340 ab
1713 1307 1852 1339 Althann
1870 1316 1949 1338 nun-

1200 1368 1352 1406 cupatum
1383 1361 1531 1405 repetitis
1549 1361 1703 1405 precibus
1724 1360 1857 1400 exorati,
1874 1364 1949 1403 post

1200 1422 1345 1450 cantatas
1365 1426 1471 1448 sacras
1492 1416 1658 1448 orationes
1678 1420 1709 1448 et
1723 1413 1860 1458 Spiritus
1874 1413 1950 1446 San-

1200 1470 1243 1503 cti
1281 1470 1417 1513 gratiam
1455 1468 1638 1502 humillime
1677 1468 1881 1508 invocatam,
1909 1466 1948 1499 ad

1200 1524 1362 1557 honorem
1378 1529 1507 1555 sanctae
1526 1528 1557 1555 et
1574 1522 1760 1555 individuae
1774 1519 1950 1559 Trinitatis.

1201 1577 1274 1610 [idei
1290 1576 1467 1610 catholicae
1484 1575 1722 1616 exaltationem,
1736 1580 1767 1607 et
1782 1573 1949 1607 christiani

1201 1631 1345 1664 nominis
1370 1630 1621 1670 incrementum,
1639 1628 1831 1662 auctoritate
1852 1627 1951 1661 omni-

1201 1685 1345 1728 potentis
1385 1684 1440 1717 Dei
1480 1684 1599 1724 Patris,
1635 1682 1707 1716 Filii
1741 1688 1772 1715 et
1808 1681 1949 1727 Spiritus

1201 1738 1323 1778 Sancti,
1351 1743 1383 1771 et
1413 1737 1582 1770 beatorum
1617 1736 1837 1780 apostolorum
1862 1735 1950 1769 Petri

1201 1798 1233 1825 et
1257 1791 1358 1832 Pauli,
1377 1802 1412 1824 ac
1437 1792 1557 1831 nostra,
1576 1790 1614 1822 de
1641 1790 1831 1823 eorumdem
1852 1800 1949 1823 vene-

1202 1845 1352 1878 rabilium
1381 1845 1512 1877 fratrum
1535 1849 1723 1876 nostrorum
1744 1842 1858 1876 S.R.E.
1882 1852 1950 1876 ear-

1203 1898 1370 1938 dinalium,
1393 1897 1663 1941 patriarcharum,
1690 1895 1951 1940 archiepiscopo-

1202 1963 1273 1985 rum
1300 1957 1331 1985 et
1355 1951 1601 1995 episcoporum,
1629 1949 1799 1983 nobiseum
1825 1949 1857 1982 in
1882 1950 1952 1993 ple-

1203 2006 1293 2039 nario
1333 2010 1493 2039 conventu
1534 2005 1686 2038 basilicae
1724 2003 1951 2038 Lateranensis

1203 2060 1445 2104 praesentium,
1472 2059 1608 2092 consilio
1640 2064 1672 2093 et
1702 2058 1849 2092 unanimi
1875 2068 1952 2092 eon-

1204 2124 1310 2154 sensu,
1334 2115 1466 2147 beatum
1491 2113 1644 2147 loannem
1671 2113 1948 2156 Nepoumcenum,

1205 2168 1362 2201 ecclcsiae
1400 2167 1672 2210 metropolitanae
1711 2167 1882 2210 Pragensis
1919 2167 1952 2200 in

1204 2233 1307 2266 regno
1334 2222 1508 2256 Bolicmiae
1535 2223 1763 2266 presbyterum
1800 2227 1832 2255 et
1856 2232 1952 2255 eano-

1205 2276 1336 2317 uieum‚
1364 2277 1402 2309 de
1440 2277 1529 2308 cuius
1556 2276 1750 2316 sanctitate,
1776 2275 1951 2319 martyrio,

1206 2332 1300 2364 causa
1324 2330 1468 2374 martyrii
1495 2336 1527 2362 et
1551 2330 1714 2362 miraculis
1748 2329 1845 2373 plene
1874 2338 1952 2362 eon·

1206 2384 1310 2418 stabat
1341 2389 1372 2418 et
1398 2388 1531 2423 constat,
1558 2388 1745 2417 sauctorum
1776 2388 1952 2427 martyrum

1206 2438 1323 2472 canoni
1349 2437 1600 2471 adscribendum
1626 2436 1828 2470 decrevimus
1854 2441 1885 2469 et
1903 2436 1952 2469 de-

1206 2492 1379 2532 finivimus,
1398 2496 1495 2535 prout
1520 2490 1742 2534 praesentium
1765 2496 1876 2524 tenore
1898 2490 1954 2523 de-

1206 2545 1393 2585 cernimus,
1426 2544 1598 2577 delinimus
1638 2549 1669 2577 et
1709 2544 1950 2583 adscribimus,

1207 2599 1423 2642 eumdemque
1465 2608 1524 2641 per
1564 2608 1676 2631 omnes
1718 2597 1951 2631 christifideles

1207 2658 1368 2695 tamquam
1394 2661 1466 2684 vere
1492 2657 1636 2685 sanctum
1663 2655 1695 2684 et
1720 2650 1836 2684 Christi
1862 2659 1949 2683 mar-

1955 241 2003 268 Αη.
2023 242 2132 274 01729
