2170 3147
217 238 265 264 An.
285 238 302 261 C
341 235 406 262 1735

256 1310 336 1331 Parvus
356 1310 402 1336 qut-

216 1337 264 1357 <tam
285 1341 401 1357 contronius

215 1366 400 1385 eremitarumqu-

214 1394 243 1411 ct·
292 1392 400 1415 Auginum

215 1420 355 1444 supprimitur
386 1418 400 1437 i-

215 1450 291 1472 mique
310 1450 400 1464 semina-

215 1477 247 1493 no
263 1474 341 1493 unitur.

452 226 515 259 ’lth

413 284 451 316 de
465 283 600 326 Populo,
617 283 795 326 respective
815 286 1034 325 nuncupatae,
1049 281 1153 314 dietae
1174 282 1176 315 l

412 336 549 369 civitatis
569 336 826 376 Caesenatensis,
847 336 952 369 eidem
980 334 1152 368 seminario
1175 319 1176 343 ¹

411 382 637 423 Caesenatensi
665 401 773 423 annua
799 389 1034 433 quinquaginta
1063 395 1154 421 scuta

410 445 501 488 paria
528 455 586 488 pro
612 455 723 477 earum
761 444 910 488 qualibet
943 443 1153 476 contribuere
1176 487 1177 490 Ἰ

411 509 448 531 ac
473 498 607 531 realiter
631 504 663 531 et
688 509 760 530 cum
786 497 901 531 effectu
928 502 1093 541 praestare
1113 503 1155 529 te-
1176 501 1177 504 ’

411 558 551 584 neantur
567 557 598 584 et
619 551 779 593 obligatae
802 551 957 592 existant;
977 551 1020 583 ita
1036 555 1153 589 tamen,

412 605 500 648 quod
527 605 702 648 unicuique
729 615 764 637 ex
799 604 902 637 tribus
940 604 1154 637 confraterni-
1176 599 1177 602 ¹

411 658 530 691 tatibus
543 659 700 691 eiusmodi
716 658 885 691 nominare
905 658 1000 691 liceat
1016 658 1154 700 singulis
1176 667 1177 670 ’

412 713 505 745 annis
531 723 666 756 puerum
692 712 828 745 civitatis
846 711 1031 755 praedictae
1050 711 1081 743 in
1100 721 1153 744 eo-

413 767 485 800 dem
511 765 686 798 seminario
713 764 811 808 gratis
838 765 991 798 alendum
1019 770 1050 797 et
1076 764 1155 796 edu-

412 819 561 853 candum.
578 818 673 852 Cuius
692 818 874 851 nominatio
894 819 955 851 hoc
973 823 1067 862 pacto
1086 817 1153 850 liat:

412 872 576 911 nimirum,
597 882 656 915 pro
674 876 769 915 parte
795 871 971 904 cuiuslibet
997 871 1153 904 dictarum

411 925 714 959 confraternitatum
757 935 909 958 earumve
954 925 1154 958 confratrum
1176 962 1178 967 Ι

411 976 595 1022 tres‘pueri
621 978 660 1011 de
691 979 775 1011 dieta
810 978 938 1012 civitate
976 969 1178 1012 venerabili*

412 1032 501 1065 fratri
522 1031 679 1064 moderno
700 1041 735 1064 ac
753 1042 813 1074 pro
838 1036 985 1075 tempore
1006 1031 1154 1064 existenti

413 1085 569 1128 episcopo
605 1084 832 1117 Caesenatensi
869 1084 1154 1127 praesententur¹‚

413 1148 451 1171 ex
485 1138 603 1181 quibus
636 1148 719 1170 unus
752 1138 792 1170 ab
826 1139 941 1170 eodem
975 1135 1178 1181 episcopo,¹

414 1201 509 1233 quem
535 1190 635 1232 magis
660 1190 812 1223 idoneum
845 1200 882 1223 ac
909 1190 1081 1223 melioris²
1111 1191 1157 1224 in-

414 1244 498 1277 dolis
523 1245 554 1276 in
578 1244 716 1276 Domino
742 1243 952 1284 iudicaverit,
978 1244 1153 1287 deligatur.
1177 1239 1178 1245 ¹

457 1298 472 1342 g
497 1298 527 1332 3.
556 1297 726 1330 Praeterea
744 1308 879 1341 parvum
898 1303 1090 1331 conventum
1117 1298 1156 1331 dc
1178 1309 1179 1312 ¹

412 1351 611 1385 Casacarella
636 1350 764 1383 Ordinis
792 1351 925 1384 fratrum
948 1351 1156 1384 eremitarum

412 1405 512 1438 sancti
540 1404 712 1447 Augustini
733 1404 763 1436 in
783 1404 921 1437 dioecesi
940 1404 1159 1437 Caesenaten-

412 1459 438 1491 si
463 1459 528 1491 ruri
556 1458 708 1502 positum,
728 1458 761 1490 in
780 1469 844 1502 quo
865 1458 928 1491 duo
955 1458 1014 1491 soli
1044 1458 1158 1491 fratres

412 1512 558 1546 eiusdem
583 1511 714 1545 Ordinis
752 1512 791 1544 de
827 1511 990 1555 praesenti
1024 1512 1158 1554 degunt,

412 1568 475 1599 una
510 1577 581 1598 cum
618 1564 705 1598 illius
734 1565 1021 1605 conventualitate,
1049 1565 1156 1605 titulo,

413 1621 556 1653 essentia
582 1625 612 1653 et
637 1619 911 1659 denominatione,
931 1625 1033 1659 motu,
1054 1619 1158 1652 scien·
1179 1643 1181 1662 ἰ

415 1674 469 1715 tia,
501 1675 740 1707 deliberatione
766 1684 801 1707 ac
825 1674 994 1717 potestatis
1020 1666 1182 1717 plenitu-'¹

414 1727 488 1760 dine
516 1727 686 1767 similibus,
706 1733 819 1760 tenore
840 1726 1062 1770 praesentium
1090 1737 1161 1770 per-

413 1786 513 1824 petuo
532 1780 764 1823 extinguimus,
785 1780 1016 1824 supprimimus
1034 1786 1065 1813 et
1082 1780 1159 1813 abo—
1181 1782 1182 1786 ’

414 1835 527 1874 lemus‚
555 1833 684 1877 ipsique
710 1833 886 1866 seminario
913 1833 943 1866 in
966 1839 1159 1877 perpetuum

413 1889 544 1921 unimus
571 1894 601 1920 et
628 1887 889 1930 incorporamus;
917 1898 953 1919 ac
987 1893 1049 1920 tam
1083 1887 1159 1919 dicti

414 1942 503 1984 parvi
531 1948 710 1974 conventus
737 1941 822 1973 bona
840 1940 973 1973 mobilia
991 1947 1022 1973 et
1045 1940 1159 1973 immo-
1181 1953 1183 1961 =

415 1995 494 2028 bilia
515 2006 605 2028 sacra
635 2000 666 2027 et
695 1995 846 2037 profana,
869 1995 1004 2035 domos,
1035 1994 1173 2034 vineas,-

416 2113 451 2135 ac
476 2102 545 2135 iura
562 2113 799 2146 quaecumque,
818 2113 912 2145 quam
932 2102 1067 2134 alterius
1087 2112 1162 2134 con-

417 2155 627 2188 fraternitatis
654 2156 714 2187 sub
737 2157 829 2188 titulo
855 2155 907 2188 SS.
928 2155 1050 2187 Rosarii
1079 2155 1162 2187 eius-

417 2209 489 2242 dem
518 2209 549 2242 Β.
570 2209 686 2242 Mariae
712 2209 853 2252 Virginis
880 2209 967 2241 iuxta
992 2208 1161 2241 ecclesiam

417 2262 545 2295 Petrum
564 2262 692 2295 Ordinis
712 2262 975 2296 praedicatorum
998 2263 1160 2306 praefatae

417 2316 555 2348 civitatis
573 2316 818 2349 Caesenatensis
837 2316 949 2358 (cuius
971 2317 1064 2354 bona,
1085 2316 1159 2348 dum

417 2371 586 2403 ecclesiam
599 2370 870 2403 Caesenatensem
887 2368 1161 2413 i·eg·ebanius‚ina-

417 2424 512 2456 nibus
531 2424 640 2455 litibus
661 2430 690 2456 et
708 2423 940 2456 controversiis
966 2423 1160 2465 plerumque

417 2476 572 2509 iniunctis
599 2477 755 2508 adversus
782 2477 895 2508 fratres
914 2475 1042 2509 Ordinis
1066 2486 1161 2519 prae—

418 2531 506 2570 dicti,
533 2540 658 2563 necnon
687 2536 807 2562 temere
829 2535 943 2562 contra
968 2528 1162 2561 iurisdictio-

451 2602 465 2628 1
489 2601 547 2628 Edit
582 2600 660 2627 Maia.
682 2600 747 2634 legit
764 2603 969 2634 praesentetur
988 2602 1026 2634 (R.
1048 2600 1096 2635 Τ.).

452 2646 469 2674 2
485 2646 532 2673 Ed.
551 2645 629 2672 stain.
648 2645 713 2680 legit
730 2645 848 2673 meliori
868 2650 903 2679 (R.
921 2644 969 2678 τ.)-

996 231 1179 257 BULLARIUM
1204 231 1222 255 R
1228 230 1361 255 OMANUM

1197 291 1269 313 nem
1303 280 1545 324 episcopalem,
1574 290 1632 324 per
1662 283 1737 312 tunc
1769 278 1943 312 existentes

1197 335 1343 367 eiusdem
1371 334 1648 367 confraternitatis
1675 333 1852 366 confratres
1878 333 1944 376 agi-

1199 388 1304 420 tandis
1342 387 1465 420 absumi
1503 387 1654 420 dolenter
1678 386 1888 430 videbamus)
1911 396 1943 418 0-

1176 434 1177 483 }
1197 452 1287 474 mnes
1302 452 1426 474 annuos
1445 441 1577 480 fruetus,
1592 440 1738 473 redditus
1756 446 1786 472 et
1804 449 1943 483 proven-

1200 501 1247 528 tus
1273 495 1505 538 cuiuscumque
1525 494 1712 537 quantitatis
1728 494 1746 534 ¹,
1766 493 1884 536 speciei
1912 498 1941 526 et

1176 545 1178 558 ²
1199 548 1332 582 valoris5l
1349 548 1496 584 existant.
1511 548 1615 580 eidem
1635 547 1813 579 seminario
1833 547 1942 580 itidem

1199 610 1357 647 perpetuo
1383 604 1582 646 applicamus
1609 607 1640 635 et
1665 602 1877 644 assignamus.

1243 658 1256 700 ξ
1274 656 1305 689 4.
1322 657 1539 689 Decerneutes
1558 655 1690 698 pariter,
1707 654 1834 687 easdem
1849 665 1943 698 prae-

1199 715 1308 742 sentes
1336 709 1472 747 litteras,
1495 709 1589 741 etiam
1616 718 1650 741 ex·
1681 718 1719 740 eo
1743 707 1830 750 quod
1850 718 1943 751 prae-

1200 763 1358 795 dictarum
1396 761 1700 795 confraternitatum
1732 761 1886 794 officiales
1913 767 1943 795 et

1198 816 1390 855 confratres,
1416 827 1451 848 ae
1477 816 1553 848 dicti
1580 815 1667 858 parvi
1695 820 1869 849 conventus
1905 815 1943 848 it-

1198 870 1325 913 liusque
1351 869 1482 902 Ordinis
1521 869 1646 909 fratres,
1674 874 1705 902 et
1735 869 1835 902 ceteri
1872 869 1943 913 qui-

1199 934 1339 967 cumque
1365 923 1396 955 in
1425 923 1610 966 praemissis
1636 923 1793 956 interesse
1821 922 1944 956 haben-

1201 982 1246 1009 tes
1279 988 1335 1010 seu
1371 977 1492 1010 habere
1519 977 1767 1020 quomodolibet
1791 981 1944 1020 praeten-

1200 1030 1324 1070 dentes,
1357 1030 1421 1064 illis
1459 1041 1522 1063 non
1556 1030 1793 1070 consenserint,
1819 1040 1879 1063 nec
1905 1030 1943 1063 ad

1176 1102 1178 1130 ξ
1199 1095 1236 1116 ea
1261 1084 1362 1117 vocati
1390 1089 1421 1117 et
1445 1084 1557 1124 auditi,
1582 1095 1688 1127 neque
1713 1095 1843 1127 causae,
1869 1094 1945 1128 pro-

1199 1142 1271 1180 pter
1297 1148 1377 1180 quas
1403 1143 1592 1180 praesentes
1617 1143 1821 1178 emanarunt,
1849 1137 1945 1170 addu-

1200 1195 1289 1230 rtae,
1315 1190 1498 1223 verificatae
1525 1196 1580 1223 aut
1610 1191 1801 1224 iustificatac
1831 1191 1945 1224 ullate-

1202 1254 1260 1276 nus
1288 1243 1419 1283 fuerint,
1447 1245 1514 1277 ullo
1551 1255 1694 1287 unquam
1733 1250 1880 1288 tempore
1906 1244 1944 1278 de

1200 1297 1441 1341 subreptionis,
1463 1299 1512 1331 vel
1539 1298 1760 1342 obreptionis,
1787 1298 1946 1332 nullitatis

1202 1356 1256 1383 aut
1293 1351 1502 1384 invaliditatis
1537 1352 1638 1392 vitio,
1665 1363 1721 1385 seu
1755 1351 1946 1386 intentionis

1203 1410 1329 1437 nostrae
1357 1410 1409 1437 aut
1443 1404 1506 1438 alio
1541 1405 1652 1449 quovis
1684 1406 1813 1439 defectu
1850 1405 1946 1439 etiam

1202 1458 1406 1501 quantumvis
1425 1469 1553 1501 magno,
1576 1459 1794 1503 inexcogitato
1821 1465 1853 1493 et
1877 1459 1947 1492 sub-

1202 1512 1364 1552 stantiali,
1390 1512 1456 1545 sive
1475 1513 1570 1546 etiam
1596 1524 1632 1546 ex
1651 1524 1689 1546 eo
1715 1514 1800 1557 quod
1827 1513 1859 1546 in
1885 1513 1947 1546 eis-

1203 1566 1276 1599 dem
1302 1566 1488 1609 praemissis
1513 1567 1739 1600 solemnitates
1764 1572 1795 1600 et
1818 1566 1947 1611 quaevis

1202 1620 1287 1661 alia,
1315 1621 1474 1653 servanda
1505 1626 1536 1653 et
1567 1621 1792 1664 adimplenda,
1819 1626 1947 1655 servata

1203 1680 1234 1707 et
1258 1674 1435 1717 adimpleta
1459 1685 1523 1707 non
1551 1675 1690 1716 fuerint,
1718 1676 1767 1708 rel
1798 1686 1835 1708 ex
1866 1685 1946 1719 quo-

1180 1720 1182 1771 }
1203 1738 1341 1770 cumque
1361 1728 1423 1760 alio
1442 1728 1557 1771 capite,
1575 1740 1591 1761 a
1618 1729 1684 1761 iure
1711 1730 1758 1762 vel
1784 1728 1866 1762 facto
1893 1733 1947 1761 aut

1203 1789 1321 1816 statuto
1354 1783 1402 1816 vel
1435 1782 1670 1815 consuetudine
1707 1782 1814 1826 aliqua
1850 1783 1949 1816 resut-

1180 1854 1182 1878 (ι
1205 1842 1313 1877 tante,
1343 1836 1440 1869 etiam
1466 1836 1498 1868 in
1524 1846 1662 1879 corpore
1699 1836 1778 1869 iuris
1813 1837 1945 1877 clauso,

1181 1891 1267 1931 stiva
1306 1891 1401 1923 etiam
1440 1889 1596 1930 enormis,
1633 1889 1879 1922 enormissimae
1917 1895 1949 1922 et

1205 1943 1312 1977 totalis
1337 1943 1502 1984 laesionis,
1531 1949 1561 1976 et
1587 1943 1699 1986 quovis
1725 1943 1788 1976 alio
1817 1948 1947 1987 praete-

1182 2003 1277 2042 >xtu,
1305 1997 1479 2030 occasione
1506 1997 1556 2029 vel
1582 1999 1694 2036 eausa,
1719 1997 1814 2029 etiam
1846 2006 1948 2040 quan-

414 2049 557 2092 praedia,
585 2059 736 2087 canones,
766 2049 1008 2092 responsiones,
1028 2048 1159 2088 fructus,
1182 2070 1184 2089 ,

1206 2051 1323 2083 tumvis
1342 2051 1433 2090 iusta,
1454 2051 1658 2083 rationabili‘*
1683 2056 1714 2083 et
1732 2050 1945 2094 privilegiata,

1205 2105 1301 2137 etiam
1325 2104 1403 2137 tali⁴
1429 2115 1510 2148 quae
1537 2105 1575 2137 ad
1601 2103 1748 2137 effectum
1775 2103 1948 2137 validitatis

1205 2158 1456 2201 praemissorum
1503 2158 1689 2191 necessario
1735 2157 1948 2202 exprimenda

1206 2213 1307 2251 foret,
1335 2212 1437 2244 notari
1464 2216 1494 2244 et
1519 2211 1726 2254 impugnari,
1753 2210 1946 2253 invalidari‚

1206 2265 1394 2305 retractari,
1421 2265 1452 2297 in
1475 2264 1524 2297 ius
1550 2266 1597 2297 vel
1623 2263 1873 2297 controversiam
1897 2273 1946 2296 re-

1181 2319 1332 2358 wocurt,
1360 2324 1413 2351 aut
1451 2318 1489 2350 ad
1527 2319 1684 2350 terminos
1711 2317 1788 2350 iuris
1813 2316 1945 2357 reduci,

1204 2374 1252 2405 vel
1279 2373 1432 2405 adversus
1459 2372 1530 2404 illas
1556 2371 1771 2404 restitutionis
1803 2371 1835 2403 in
1867 2369 1947 2403 inte-

1204 2437 1311 2469 grum,
1333 2425 1524 2470 aperitionis
1551 2425 1634 2465 oris,
1653 2430 1709 2457 aut
1732 2423 1819 2457 aliud
1845 2423 1946 2467 quod-

1241 2507 1250 2531 1
1275 2505 1345 2531 Edit.
1367 2505 1451 2530 Main.
1475 2504 1541 2539 legit
1561 2503 1721 2538 quantitati
1736 2504 1774 2535 (R.
1790 2502 1839 2537 Τ.).

1238 2551 1253 2577 2
1274 2550 1376 2577 Eadem
1397 2550 1460 2577 edit.
1482 2549 1565 2576 babet
1584 2548 1678 2575 vatori
1697 2552 1736 2579 (n.
1753 2547 1802 2583 n).

1238 2595 1254 2622 3
1274 2595 1344 2622 Edit.
1365 2595 1444 2621 Μαίη.
1467 2594 1531 2628 legit
1550 2593 1738 2622 rationabilis
1757 2595 1796 2627 (lt.
1812 2593 1861 2628 Τ.).

1239 2641 1254 2667 ln
1275 2640 1344 2667 Edit.¹
1367 2640 1449 2666 Main.
1472 2639 1536 2674 legit
1556 2639 1623 2666 talis
1643 2642 1679 2672 (n.
1696 2638 1744 2671 T.).

1955 228 2001 254 An.
2016 228 2044 255 C.
2070 209 2143 257 ¹725·

2027 660 2136 683 clausulae

1954 687 2080 713 peculiares.
