<?xml version="1.0" encoding="UTF-8"?>
<!DOCTYPE html PUBLIC "-//W3C//DTD XHTML 1.0 Transitional//EN"
    "http://www.w3.org/TR/xhtml1/DTD/xhtml1-transitional.dtd">
<html xmlns="http://www.w3.org/1999/xhtml" xml:lang="en" lang="en">
 <head>
  <title>
</title>
<meta http-equiv="Content-Type" content="text/html;charset=utf-8" />
  <meta name='ocr-system' content='tesseract 3.04.00' />
  <meta name='ocr-capabilities' content='ocr_page ocr_carea ocr_par ocr_line ocrx_word'/>
</head>
<body>
  <div class='ocr_page' id='page_1' title='image "./bullarumdiplomat22cath_0411.png"; bbox 0 0 2170 3147; ppageno 0'>
   <div class='ocr_carea' id='block_1_1' title="bbox 25 211 963 2528">
    <p class='ocr_par' dir='ltr' id='par_1_1' title="bbox 35 211 963 1506">
     <span class='ocr_line' id='line_1_1' title="bbox 35 211 220 239; baseline 0 -1"><span class='ocrx_word' id='word_1_1' title='bbox 35 213 84 239; x_wconf 71' lang='lat' dir='ltr'>An.</span> <span class='ocrx_word' id='word_1_2' title='bbox 99 211 128 238; x_wconf 91' lang='lat' dir='ltr'>C.</span> <span class='ocrx_word' id='word_1_3' title='bbox 151 211 220 238; x_wconf 79' lang='lat'>¹726</span> 
     </span>
     <span class='ocr_line' id='line_1_2' title="bbox 228 259 962 303; baseline 0 -11"><span class='ocrx_word' id='word_1_4' title='bbox 228 269 297 292; x_wconf 90' lang='lat' dir='ltr'>rum</span> <span class='ocrx_word' id='word_1_5' title='bbox 322 259 407 293; x_wconf 89' lang='lat' dir='ltr'>beati</span> <span class='ocrx_word' id='word_1_6' title='bbox 433 260 616 299; x_wconf 88' lang='lat' dir='ltr'>Francisci,</span> <span class='ocrx_word' id='word_1_7' title='bbox 643 261 698 303; x_wconf 89' lang='lat' dir='ltr'>qui</span> <span class='ocrx_word' id='word_1_8' title='bbox 724 260 801 293; x_wconf 74' lang='lat' dir='ltr'>alias</span> <span class='ocrx_word' id='word_1_9' title='bbox 826 272 846 293; x_wconf 87' lang='lat' dir='ltr'>a</span> <span class='ocrx_word' id='word_1_10' title='bbox 869 271 962 303; x_wconf 71' lang='lat' dir='ltr'>reyn-</span> 
     </span>
     <span class='ocr_line' id='line_1_3' title="bbox 227 311 962 354; baseline 0.001 -11"><span class='ocrx_word' id='word_1_11' title='bbox 227 311 293 344; x_wconf 82' lang='lat' dir='ltr'>lari</span> <span class='ocrx_word' id='word_1_12' title='bbox 313 312 514 344; x_wconf 64' lang='lat' dir='ltr'>observantia</span> <span class='ocrx_word' id='word_1_13' title='bbox 541 318 784 354; x_wconf 72' lang='lat' dir='ltr'>nuncupantur,</span> <span class='ocrx_word' id='word_1_14' title='bbox 814 313 962 345; x_wconf 89' lang='lat' dir='ltr'>ministro</span> 
     </span>
     <span class='ocr_line' id='line_1_4' title="bbox 226 364 963 406; baseline 0.001 -11"><span class='ocrx_word' id='word_1_15' title='bbox 226 364 370 406; x_wconf 87' lang='lat' dir='ltr'>generali</span> <span class='ocrx_word' id='word_1_16' title='bbox 389 370 419 397; x_wconf 87' lang='lat' dir='ltr'>et</span> <span class='ocrx_word' id='word_1_17' title='bbox 439 364 640 396; x_wconf 75' lang='lat' dir='ltr'>secundariis</span> <span class='ocrx_word' id='word_1_18' title='bbox 661 365 886 406; x_wconf 84' lang='lat' dir='ltr'>superioribus</span> <span class='ocrx_word' id='word_1_19' title='bbox 911 376 963 397; x_wconf 85' lang='lat' dir='ltr'>au-</span> 
     </span>
     <span class='ocr_line' id='line_1_5' title="bbox 226 417 960 450; baseline 0.003 -2"><span class='ocrx_word' id='word_1_20' title='bbox 226 417 410 450; x_wconf 83' lang='lat' dir='ltr'>ctoritatem</span> <span class='ocrx_word' id='word_1_21' title='bbox 450 422 481 450; x_wconf 89' lang='lat' dir='ltr'>et</span> <span class='ocrx_word' id='word_1_22' title='bbox 519 417 778 449; x_wconf 87' lang='lat' dir='ltr'>iurisdictionem</span> <span class='ocrx_word' id='word_1_23' title='bbox 815 417 846 449; x_wconf 94' lang='lat' dir='ltr'>in</span> <span class='ocrx_word' id='word_1_24' title='bbox 886 428 960 450; x_wconf 91' lang='lat' dir='ltr'>suos</span> 
     </span>
     <span class='ocr_line' id='line_1_6' title="bbox 226 469 961 512; baseline 0 -11"><span class='ocrx_word' id='word_1_25' title='bbox 226 469 389 502; x_wconf 82' lang='lat' dir='ltr'>tertiarios</span> <span class='ocrx_word' id='word_1_26' title='bbox 428 480 487 512; x_wconf 87' lang='lat' dir='ltr'>per</span> <span class='ocrx_word' id='word_1_27' title='bbox 521 470 624 502; x_wconf 85' lang='lat' dir='ltr'>felicis</span> <span class='ocrx_word' id='word_1_28' title='bbox 661 471 835 502; x_wconf 76' lang='lat' dir='ltr'>memoriae</span> <span class='ocrx_word' id='word_1_29' title='bbox 873 476 961 502; x_wconf 87' lang='lat' dir='ltr'>antc-</span> 
     </span>
     <span class='ocr_line' id='line_1_7' title="bbox 225 515 961 555; baseline -0.003 0"><span class='ocrx_word' id='word_1_30' title='bbox 225 532 374 555; x_wconf 82' lang='lat' dir='ltr'><strong>cessores</strong></span> <span class='ocrx_word' id='word_1_31' title='bbox 413 528 541 555; x_wconf 90' lang='lat' dir='ltr'>nostros</span> <span class='ocrx_word' id='word_1_32' title='bbox 583 523 744 555; x_wconf 80' lang='lat' dir='ltr'>Romanos</span> <span class='ocrx_word' id='word_1_33' title='bbox 772 515 961 554; x_wconf 43' lang='lat' dir='ltr'>‘Pontifices</span> 
     </span>
     <span class='ocr_line' id='line_1_8' title="bbox 225 574 962 617; baseline 0 -10"><span class='ocrx_word' id='word_1_34' title='bbox 225 575 375 608; x_wconf 81' lang='lat' dir='ltr'>traditam</span> <span class='ocrx_word' id='word_1_35' title='bbox 401 574 716 614; x_wconf 77' lang='lat' dir='ltr'>confirmaverimus,</span> <span class='ocrx_word' id='word_1_36' title='bbox 735 580 782 610; x_wconf 72' lang='lat' dir='ltr'>ut.</span> <span class='ocrx_word' id='word_1_37' title='bbox 802 585 859 617; x_wconf 86' lang='lat' dir='ltr'>per</span> <span class='ocrx_word' id='word_1_38' title='bbox 883 575 962 607; x_wconf 87' lang='lat' dir='ltr'>eius-</span> 
     </span>
     <span class='ocr_line' id='line_1_9' title="bbox 225 628 959 670; baseline 0 -10"><span class='ocrx_word' id='word_1_39' title='bbox 225 628 297 661; x_wconf 92' lang='lat' dir='ltr'>dem</span> <span class='ocrx_word' id='word_1_40' title='bbox 323 628 409 661; x_wconf 86' lang='lat' dir='ltr'>beati</span> <span class='ocrx_word' id='word_1_41' title='bbox 430 628 592 661; x_wconf 87' lang='lat' dir='ltr'>Francisci</span> <span class='ocrx_word' id='word_1_42' title='bbox 611 629 747 670; x_wconf 75' lang='lat' dir='ltr'>vestigia</span> <span class='ocrx_word' id='word_1_43' title='bbox 763 628 959 670; x_wconf 75' lang='lat' dir='ltr'>gradientes,</span> 
     </span>
     <span class='ocr_line' id='line_1_10' title="bbox 224 681 959 724; baseline -0.001 -11"><span class='ocrx_word' id='word_1_44' title='bbox 224 681 362 713; x_wconf 87' lang='lat' dir='ltr'>alacrius</span> <span class='ocrx_word' id='word_1_45' title='bbox 389 681 422 713; x_wconf 90' lang='lat' dir='ltr'>in</span> <span class='ocrx_word' id='word_1_46' title='bbox 446 681 502 714; x_wconf 92' lang='lat' dir='ltr'>Dei</span> <span class='ocrx_word' id='word_1_47' title='bbox 530 682 682 713; x_wconf 87' lang='lat' dir='ltr'>famulatu</span> <span class='ocrx_word' id='word_1_48' title='bbox 702 686 959 724; x_wconf 74' lang='lat' dir='ltr'>perseverarent,</span> 
     </span>
     <span class='ocr_line' id='line_1_11' title="bbox 223 733 960 776; baseline 0 -11"><span class='ocrx_word' id='word_1_49' title='bbox 223 733 339 776; x_wconf 88' lang='lat' dir='ltr'>suique</span> <span class='ocrx_word' id='word_1_50' title='bbox 365 733 557 766; x_wconf 78' lang='lat' dir='ltr'>sanctissimi</span> <span class='ocrx_word' id='word_1_51' title='bbox 584 734 778 766; x_wconf 88' lang='lat' dir='ltr'>institutoris</span> <span class='ocrx_word' id='word_1_52' title='bbox 812 734 960 775; x_wconf 72' lang='lat' dir='ltr'>exempla</span> 
     </span>
     <span class='ocr_line' id='line_1_12' title="bbox 223 786 960 829; baseline -0.001 -11"><span class='ocrx_word' id='word_1_53' title='bbox 223 786 296 818; x_wconf 85' lang='lat' dir='ltr'>aliis</span> <span class='ocrx_word' id='word_1_54' title='bbox 322 786 479 819; x_wconf 87' lang='lat' dir='ltr'>imitanda</span> <span class='ocrx_word' id='word_1_55' title='bbox 503 792 738 829; x_wconf 73' lang='lat' dir='ltr'>proponerent.</span> <span class='ocrx_word' id='word_1_56' title='bbox 769 786 857 818; x_wconf 85' lang='lat' dir='ltr'>Hane</span> <span class='ocrx_word' id='word_1_57' title='bbox 874 786 960 818; x_wconf 89' lang='lat' dir='ltr'>enim</span> 
     </span>
     <span class='ocr_line' id='line_1_13' title="bbox 224 839 959 881; baseline -0.004 -9"><span class='ocrx_word' id='word_1_58' title='bbox 224 839 493 872; x_wconf 87' lang='lat' dir='ltr'>constitutionem</span> <span class='ocrx_word' id='word_1_59' title='bbox 521 845 584 871; x_wconf 85' lang='lat' dir='ltr'>tam</span> <span class='ocrx_word' id='word_1_60' title='bbox 610 839 830 878; x_wconf 89' lang='lat' dir='ltr'>luculentam,</span> <span class='ocrx_word' id='word_1_61' title='bbox 862 844 959 881; x_wconf 83' lang='lat' dir='ltr'>atque</span> 
     </span>
     <span class='ocr_line' id='line_1_14' title="bbox 223 891 959 934; baseline -0.001 -10"><span class='ocrx_word' id='word_1_62' title='bbox 223 891 349 925; x_wconf 89' lang='lat' dir='ltr'>alienae</span> <span class='ocrx_word' id='word_1_63' title='bbox 375 892 654 934; x_wconf 63' lang='lat' dir='ltr'>interpretationis</span> <span class='ocrx_word' id='word_1_64' title='bbox 680 896 856 933; x_wconf 80' lang='lat' dir='ltr'>expertem,</span> <span class='ocrx_word' id='word_1_65' title='bbox 878 901 959 933; x_wconf 85' lang='lat' dir='ltr'>quae</span> 
     </span>
     <span class='ocr_line' id='line_1_15' title="bbox 220 943 957 986; baseline -0.001 -10"><span class='ocrx_word' id='word_1_66' title='bbox 220 954 301 977; x_wconf 88' lang='lat' dir='ltr'>unos</span> <span class='ocrx_word' id='word_1_67' title='bbox 316 944 486 984; x_wconf 88' lang='lat' dir='ltr'>tertiarios,</span> <span class='ocrx_word' id='word_1_68' title='bbox 498 945 647 977; x_wconf 88' lang='lat' dir='ltr'>ministro</span> <span class='ocrx_word' id='word_1_69' title='bbox 663 943 809 986; x_wconf 79' lang='lat' dir='ltr'>generali</span> <span class='ocrx_word' id='word_1_70' title='bbox 826 943 957 975; x_wconf 78' lang='lat' dir='ltr'>fratrum</span> 
     </span>
     <span class='ocr_line' id='line_1_16' title="bbox 221 996 959 1040; baseline -0.003 -11"><span class='ocrx_word' id='word_1_71' title='bbox 221 997 389 1037; x_wconf 89' lang='lat' dir='ltr'>Minorum,</span> <span class='ocrx_word' id='word_1_72' title='bbox 405 997 457 1040; x_wconf 92' lang='lat' dir='ltr'>qui</span> <span class='ocrx_word' id='word_1_73' title='bbox 472 1008 492 1029; x_wconf 84' lang='lat' dir='ltr'>a</span> <span class='ocrx_word' id='word_1_74' title='bbox 505 997 653 1040; x_wconf 69' lang='lat' dir='ltr'>reyulari</span> <span class='ocrx_word' id='word_1_75' title='bbox 666 996 867 1029; x_wconf 55' lang='lat' dir='ltr'>observantie</span> <span class='ocrx_word' id='word_1_76' title='bbox 881 1006 959 1028; x_wconf 89' lang='lat' dir='ltr'>nun-</span> 
     </span>
     <span class='ocr_line' id='line_1_17' title="bbox 221 1048 959 1093; baseline -0.003 -11"><span class='ocrx_word' id='word_1_77' title='bbox 221 1056 396 1093; x_wconf 86' lang='lat' dir='ltr'>cupantur,</span> <span class='ocrx_word' id='word_1_78' title='bbox 422 1050 585 1082; x_wconf 85' lang='lat' dir='ltr'>subiectos</span> <span class='ocrx_word' id='word_1_79' title='bbox 606 1055 727 1082; x_wconf 85' lang='lat' dir='ltr'>tantum</span> <span class='ocrx_word' id='word_1_80' title='bbox 747 1048 898 1092; x_wconf 79' lang='lat' dir='ltr'>respicit,</span> <span class='ocrx_word' id='word_1_81' title='bbox 928 1054 959 1081; x_wconf 87' lang='lat' dir='ltr'>et</span> 
     </span>
     <span class='ocr_line' id='line_1_18' title="bbox 221 1102 958 1145; baseline -0.001 -10"><span class='ocrx_word' id='word_1_82' title='bbox 221 1103 407 1145; x_wconf 82' lang='lat' dir='ltr'>singulatim</span> <span class='ocrx_word' id='word_1_83' title='bbox 429 1102 590 1142; x_wconf 88' lang='lat' dir='ltr'>nominat,</span> <span class='ocrx_word' id='word_1_84' title='bbox 610 1113 676 1135; x_wconf 89' lang='lat' dir='ltr'>non</span> <span class='ocrx_word' id='word_1_85' title='bbox 696 1113 772 1135; x_wconf 84' lang='lat' dir='ltr'>vero</span> <span class='ocrx_word' id='word_1_86' title='bbox 791 1102 872 1135; x_wconf 85' lang='lat' dir='ltr'>alios</span> <span class='ocrx_word' id='word_1_87' title='bbox 887 1112 958 1144; x_wconf 89' lang='lat' dir='ltr'>spe-</span> 
     </span>
     <span class='ocr_line' id='line_1_19' title="bbox 220 1155 958 1197; baseline -0.001 -9"><span class='ocrx_word' id='word_1_88' title='bbox 220 1155 293 1188; x_wconf 89' lang='lat' dir='ltr'>ciali</span> <span class='ocrx_word' id='word_1_89' title='bbox 317 1157 395 1188; x_wconf 77' lang='lat' dir='ltr'>nota</span> <span class='ocrx_word' id='word_1_90' title='bbox 420 1156 556 1197; x_wconf 80' lang='lat' dir='ltr'>dignos,</span> <span class='ocrx_word' id='word_1_91' title='bbox 588 1155 820 1195; x_wconf 85' lang='lat' dir='ltr'>nibilominus,</span> <span class='ocrx_word' id='word_1_92' title='bbox 845 1160 958 1188; x_wconf 87' lang='lat' dir='ltr'>contra</span> 
     </span>
     <span class='ocr_line' id='line_1_20' title="bbox 220 1207 956 1250; baseline -0.003 -10"><span class='ocrx_word' id='word_1_93' title='bbox 220 1217 404 1250; x_wconf 81' lang='lat' dir='ltr'>expressam</span> <span class='ocrx_word' id='word_1_94' title='bbox 422 1213 563 1240; x_wconf 88' lang='lat' dir='ltr'>mentem</span> <span class='ocrx_word' id='word_1_95' title='bbox 582 1213 734 1247; x_wconf 84' lang='lat' dir='ltr'>nostram,</span> <span class='ocrx_word' id='word_1_96' title='bbox 749 1207 788 1240; x_wconf 85' lang='lat' dir='ltr'>ad</span> <span class='ocrx_word' id='word_1_97' title='bbox 807 1207 880 1240; x_wconf 91' lang='lat' dir='ltr'>illos</span> <span class='ocrx_word' id='word_1_98' title='bbox 895 1212 956 1239; x_wconf 87' lang='lat' dir='ltr'>ter-</span> 
     </span>
     <span class='ocr_line' id='line_1_21' title="bbox 219 1259 958 1303; baseline -0.003 -10"><span class='ocrx_word' id='word_1_99' title='bbox 219 1260 331 1293; x_wconf 83' lang='lat' dir='ltr'>tiarios</span> <span class='ocrx_word' id='word_1_100' title='bbox 357 1260 468 1300; x_wconf 84' lang='lat' dir='ltr'>etiam,</span> <span class='ocrx_word' id='word_1_101' title='bbox 488 1260 541 1303; x_wconf 85' lang='lat' dir='ltr'>qui</span> <span class='ocrx_word' id='word_1_102' title='bbox 560 1260 671 1292; x_wconf 86' lang='lat' dir='ltr'>vivunt</span> <span class='ocrx_word' id='word_1_103' title='bbox 695 1270 890 1303; x_wconf 75' lang='lat' dir='ltr'>semperque</span> <span class='ocrx_word' id='word_1_104' title='bbox 917 1259 958 1291; x_wconf 79' lang='lat' dir='ltr'>ri-</span> 
     </span>
     <span class='ocr_line' id='line_1_22' title="bbox 218 1313 958 1356; baseline -0.001 -10"><span class='ocrx_word' id='word_1_105' title='bbox 218 1320 335 1348; x_wconf 82' lang='lat' dir='ltr'>xerunt</span> <span class='ocrx_word' id='word_1_106' title='bbox 351 1314 411 1347; x_wconf 89' lang='lat' dir='ltr'>sub</span> <span class='ocrx_word' id='word_1_107' title='bbox 428 1314 576 1346; x_wconf 87' lang='lat' dir='ltr'>ministro</span> <span class='ocrx_word' id='word_1_108' title='bbox 595 1313 740 1356; x_wconf 80' lang='lat' dir='ltr'>generali</span> <span class='ocrx_word' id='word_1_109' title='bbox 758 1319 789 1346; x_wconf 89' lang='lat' dir='ltr'>et</span> <span class='ocrx_word' id='word_1_110' title='bbox 803 1313 958 1345; x_wconf 84' lang='lat' dir='ltr'>secunda—</span> 
     </span>
     <span class='ocr_line' id='line_1_23' title="bbox 217 1366 956 1410; baseline -0.003 -10"><span class='ocrx_word' id='word_1_111' title='bbox 217 1367 274 1400; x_wconf 85' lang='lat' dir='ltr'>riis</span> <span class='ocrx_word' id='word_1_112' title='bbox 293 1367 515 1410; x_wconf 80' lang='lat' dir='ltr'>superioribus</span> <span class='ocrx_word' id='word_1_113' title='bbox 536 1366 669 1399; x_wconf 75' lang='lat' dir='ltr'>fratrum</span> <span class='ocrx_word' id='word_1_114' title='bbox 695 1366 852 1399; x_wconf 85' lang='lat' dir='ltr'>Minorum</span> <span class='ocrx_word' id='word_1_115' title='bbox 870 1366 956 1399; x_wconf 87' lang='lat' dir='ltr'>beati</span> 
     </span>
     <span class='ocr_line' id='line_1_24' title="bbox 217 1419 954 1462; baseline -0.001 -10"><span class='ocrx_word' id='word_1_116' title='bbox 217 1419 403 1461; x_wconf 88' lang='lat' dir='ltr'>Francisci,</span> <span class='ocrx_word' id='word_1_117' title='bbox 438 1420 491 1462; x_wconf 90' lang='lat' dir='ltr'>qui</span> <span class='ocrx_word' id='word_1_118' title='bbox 524 1419 757 1453; x_wconf 83' lang='lat' dir='ltr'>Conventuales</span> <span class='ocrx_word' id='word_1_119' title='bbox 789 1419 954 1459; x_wconf 89' lang='lat' dir='ltr'>dicuntur,</span> 
     </span>
     <span class='ocr_line' id='line_1_25' title="bbox 218 1472 753 1506; baseline -0.002 0"><span class='ocrx_word' id='word_1_120' title='bbox 218 1473 377 1506; x_wconf 78' lang='lat' dir='ltr'>detortam</span> <span class='ocrx_word' id='word_1_121' title='bbox 402 1472 499 1506; x_wconf 89' lang='lat' dir='ltr'>fuisse</span> <span class='ocrx_word' id='word_1_122' title='bbox 524 1473 753 1506; x_wconf 85' lang='lat' dir='ltr'>intelleximus.</span> 
     </span>
    </p>

    <p class='ocr_par' dir='ltr' id='par_1_2' title="bbox 25 1524 953 1581">
     <span class='ocr_line' id='line_1_26' title="bbox 25 1524 953 1581; baseline 0 -23"><span class='ocrx_word' id='word_1_123' title='bbox 25 1532 207 1581; x_wconf 43' lang='lat' dir='ltr'>mss‘ffluiturffi:</span> <span class='ocrx_word' id='word_1_124' title='bbox 261 1527 277 1569; x_wconf 66' lang='grc' dir='ltr'><strong>ἓ</strong></span> <span class='ocrx_word' id='word_1_125' title='bbox 306 1526 338 1560; x_wconf 77' lang='lat'>⁶2.</span> <span class='ocrx_word' id='word_1_126' title='bbox 370 1526 473 1565; x_wconf 86' lang='lat' dir='ltr'>Quare</span> <span class='ocrx_word' id='word_1_127' title='bbox 504 1536 564 1559; x_wconf 89' lang='lat' dir='ltr'>nos</span> <span class='ocrx_word' id='word_1_128' title='bbox 597 1526 683 1569; x_wconf 88' lang='lat' dir='ltr'>ipsi,</span> <span class='ocrx_word' id='word_1_129' title='bbox 716 1526 834 1568; x_wconf 84' lang='lat' dir='ltr'>quibus</span> <span class='ocrx_word' id='word_1_130' title='bbox 858 1524 953 1558; x_wconf 83' lang='lat' dir='ltr'>cura¹</span> 
     </span>
    </p>

    <p class='ocr_par' dir='ltr' id='par_1_3' title="bbox 26 1565 954 1622">
     <span class='ocr_line' id='line_1_27' title="bbox 26 1565 954 1622; baseline -0.002 -10"><span class='ocrx_word' id='word_1_131' title='bbox 26 1565 207 1608; x_wconf 62' lang='lat' dir='ltr'>conventiffiium¹</span> <span class='ocrx_word' id='word_1_132' title='bbox 218 1579 369 1622; x_wconf 88' lang='lat' dir='ltr'>specialis</span> <span class='ocrx_word' id='word_1_133' title='bbox 393 1579 562 1618; x_wconf 84' lang='lat' dir='ltr'>incumbit,</span> <span class='ocrx_word' id='word_1_134' title='bbox 587 1583 622 1610; x_wconf 85' lang='lat' dir='ltr'>ut</span> <span class='ocrx_word' id='word_1_135' title='bbox 646 1578 836 1612; x_wconf 85' lang='lat' dir='ltr'>auctoritate</span> <span class='ocrx_word' id='word_1_136' title='bbox 862 1577 954 1611; x_wconf 88' lang='lat' dir='ltr'>nobis</span> 
     </span>
    </p>

    <p class='ocr_par' dir='ltr' id='par_1_4' title="bbox 26 1613 953 1674">
     <span class='ocr_line' id='line_1_28' title="bbox 26 1613 953 1674; baseline 0.003 -14"><span class='ocrx_word' id='word_1_137' title='bbox 26 1613 208 1669; x_wconf 49' lang='grc' dir='ltr'>ξὲῗέξῖιῗιπῗῖἕῖἷ</span> <span class='ocrx_word' id='word_1_138' title='bbox 218 1631 372 1664; x_wconf 88' lang='lat' dir='ltr'>divinitus</span> <span class='ocrx_word' id='word_1_139' title='bbox 393 1631 507 1664; x_wconf 77' lang='lat' dir='ltr'>tradita</span> <span class='ocrx_word' id='word_1_140' title='bbox 524 1631 573 1664; x_wconf 91' lang='lat' dir='ltr'>ius</span> <span class='ocrx_word' id='word_1_141' title='bbox 592 1641 687 1664; x_wconf 87' lang='lat' dir='ltr'>suum</span> <span class='ocrx_word' id='word_1_142' title='bbox 704 1630 881 1674; x_wconf 84' lang='lat' dir='ltr'>unicuique</span> <span class='ocrx_word' id='word_1_143' title='bbox 896 1640 953 1673; x_wconf 91' lang='lat' dir='ltr'>pro</span> 
     </span>
    </p>

    <p class='ocr_par' dir='ltr' id='par_1_5' title="bbox 25 1668 954 2467">
     <span class='ocr_line' id='line_1_29' title="bbox 25 1668 954 1728; baseline -0.002 -10"><span class='ocrx_word' id='word_1_144' title='bbox 25 1668 303 1718; x_wconf 52' lang='lat' dir='ltr'>iiiissi&#39;ii’ffwmvirili</span> <span class='ocrx_word' id='word_1_145' title='bbox 329 1695 494 1718; x_wconf 86' lang='lat' dir='ltr'>servemus</span> <span class='ocrx_word' id='word_1_146' title='bbox 511 1711 518 1725; x_wconf 86' lang='lat'><em>‚</em></span> <span class='ocrx_word' id='word_1_147' title='bbox 545 1690 639 1728; x_wconf 87' lang='lat' dir='ltr'>atque</span> <span class='ocrx_word' id='word_1_148' title='bbox 664 1684 802 1717; x_wconf 87' lang='lat' dir='ltr'>Ordines</span> <span class='ocrx_word' id='word_1_149' title='bbox 828 1685 954 1726; x_wconf 79' lang='lat' dir='ltr'>regula-</span> 
     </span>
     <span class='ocr_line' id='line_1_30' title="bbox 217 1737 952 1781; baseline -0.004 -10"><span class='ocrx_word' id='word_1_150' title='bbox 217 1748 269 1771; x_wconf 87' lang='lat' dir='ltr'>res</span> <span class='ocrx_word' id='word_1_151' title='bbox 294 1737 471 1781; x_wconf 85' lang='lat' dir='ltr'>privilegiis</span> <span class='ocrx_word' id='word_1_152' title='bbox 497 1738 537 1770; x_wconf 89' lang='lat' dir='ltr'>ob</span> <span class='ocrx_word' id='word_1_153' title='bbox 567 1748 696 1770; x_wconf 87' lang='lat' dir='ltr'>suarum</span> <span class='ocrx_word' id='word_1_154' title='bbox 713 1737 867 1769; x_wconf 88' lang='lat' dir='ltr'>virtutum</span> <span class='ocrx_word' id='word_1_155' title='bbox 886 1747 952 1769; x_wconf 92' lang='lat' dir='ltr'>me-</span> 
     </span>
     <span class='ocr_line' id='line_1_31' title="bbox 215 1789 951 1833; baseline -0.001 -9"><span class='ocrx_word' id='word_1_156' title='bbox 215 1791 279 1824; x_wconf 84' lang='lat' dir='ltr'>rita</span> <span class='ocrx_word' id='word_1_157' title='bbox 303 1791 364 1824; x_wconf 90' lang='lat' dir='ltr'>sibi</span> <span class='ocrx_word' id='word_1_158' title='bbox 391 1791 429 1823; x_wconf 84' lang='lat' dir='ltr'>ab</span> <span class='ocrx_word' id='word_1_159' title='bbox 455 1791 517 1823; x_wconf 87' lang='lat' dir='ltr'>hac</span> <span class='ocrx_word' id='word_1_160' title='bbox 541 1792 651 1823; x_wconf 78' lang='lat' dir='ltr'>sancta</span> <span class='ocrx_word' id='word_1_161' title='bbox 666 1790 854 1833; x_wconf 77' lang='lat' dir='ltr'>Apostolica</span> <span class='ocrx_word' id='word_1_162' title='bbox 870 1789 951 1824; x_wconf 83' lang='lat' dir='ltr'>Sede</span> 
     </span>
     <span class='ocr_line' id='line_1_32' title="bbox 215 1842 949 1886; baseline -0.001 -10"><span class='ocrx_word' id='word_1_163' title='bbox 215 1843 380 1876; x_wconf 81' lang='lat' dir='ltr'>concessis</span> <span class='ocrx_word' id='word_1_164' title='bbox 406 1842 538 1886; x_wconf 82' lang='lat' dir='ltr'>pacifice</span> <span class='ocrx_word' id='word_1_165' title='bbox 563 1843 595 1875; x_wconf 89' lang='lat' dir='ltr'>in</span> <span class='ocrx_word' id='word_1_166' title='bbox 628 1843 765 1876; x_wconf 89' lang='lat' dir='ltr'>Domino</span> <span class='ocrx_word' id='word_1_167' title='bbox 798 1848 949 1883; x_wconf 84' lang='lat' dir='ltr'>utantur,</span> 
     </span>
     <span class='ocr_line' id='line_1_33' title="bbox 214 1895 952 1940; baseline -0.001 -11"><span class='ocrx_word' id='word_1_168' title='bbox 214 1895 292 1930; x_wconf 89' lang='lat' dir='ltr'>huic</span> <span class='ocrx_word' id='word_1_169' title='bbox 318 1896 451 1929; x_wconf 85' lang='lat' dir='ltr'>dissidio</span> <span class='ocrx_word' id='word_1_170' title='bbox 476 1901 551 1940; x_wconf 91' lang='lat' dir='ltr'>post</span> <span class='ocrx_word' id='word_1_171' title='bbox 571 1901 729 1929; x_wconf 86' lang='lat' dir='ltr'>maturam</span> <span class='ocrx_word' id='word_1_172' title='bbox 742 1895 952 1928; x_wconf 82' lang='lat' dir='ltr'>deliberatio-</span> 
     </span>
     <span class='ocr_line' id='line_1_34' title="bbox 214 1949 950 1992; baseline -0.003 -9"><span class='ocrx_word' id='word_1_173' title='bbox 214 1960 290 1983; x_wconf 89' lang='lat' dir='ltr'>nem</span> <span class='ocrx_word' id='word_1_174' title='bbox 315 1960 488 1983; x_wconf 85' lang='lat' dir='ltr'>occurrere</span> <span class='ocrx_word' id='word_1_175' title='bbox 513 1950 657 1982; x_wconf 88' lang='lat' dir='ltr'>volentes</span> <span class='ocrx_word' id='word_1_176' title='bbox 676 1975 684 1989; x_wconf 92' lang='lat'><em>‚</em></span> <span class='ocrx_word' id='word_1_177' title='bbox 720 1949 950 1992; x_wconf 83' lang='lat' dir='ltr'>praesentibus</span> 
     </span>
     <span class='ocr_line' id='line_1_35' title="bbox 213 2003 947 2046; baseline -0.003 -10"><span class='ocrx_word' id='word_1_178' title='bbox 213 2003 330 2037; x_wconf 87' lang='lat' dir='ltr'>litteris</span> <span class='ocrx_word' id='word_1_179' title='bbox 363 2003 483 2036; x_wconf 90' lang='lat' dir='ltr'>nostris</span> <span class='ocrx_word' id='word_1_180' title='bbox 519 2008 715 2046; x_wconf 87' lang='lat' dir='ltr'>perpetuum</span> <span class='ocrx_word' id='word_1_181' title='bbox 748 2003 849 2035; x_wconf 84' lang='lat' dir='ltr'>robur</span> <span class='ocrx_word' id='word_1_182' title='bbox 885 2003 947 2034; x_wconf 89' lang='lat' dir='ltr'>im-</span> 
     </span>
     <span class='ocr_line' id='line_1_36' title="bbox 214 2055 949 2098; baseline -0.003 -10"><span class='ocrx_word' id='word_1_183' title='bbox 214 2060 382 2098; x_wconf 88' lang='lat' dir='ltr'>posterum</span> <span class='ocrx_word' id='word_1_184' title='bbox 407 2055 577 2095; x_wconf 86' lang='lat' dir='ltr'>habituris,</span> <span class='ocrx_word' id='word_1_185' title='bbox 603 2061 690 2087; x_wconf 70' lang='lat' dir='ltr'>metu</span> <span class='ocrx_word' id='word_1_186' title='bbox 710 2055 843 2098; x_wconf 87' lang='lat' dir='ltr'>proprio</span> <span class='ocrx_word' id='word_1_187' title='bbox 865 2061 949 2087; x_wconf 84' lang='lat' dir='ltr'>etex</span> 
     </span>
     <span class='ocr_line' id='line_1_37' title="bbox 215 2107 950 2148; baseline -0.004 -6"><span class='ocrx_word' id='word_1_188' title='bbox 215 2111 306 2142; x_wconf 70' lang='lat' dir='ltr'>certa</span> <span class='ocrx_word' id='word_1_189' title='bbox 326 2108 469 2147; x_wconf 74' lang='lat' dir='ltr'>scientia,</span> <span class='ocrx_word' id='word_1_190' title='bbox 489 2108 703 2148; x_wconf 85' lang='lat' dir='ltr'>declaramus,</span> <span class='ocrx_word' id='word_1_191' title='bbox 728 2107 888 2140; x_wconf 84' lang='lat' dir='ltr'>sancimus</span> <span class='ocrx_word' id='word_1_192' title='bbox 905 2114 950 2140; x_wconf 86' lang='lat' dir='ltr'>at-</span> 
     </span>
     <span class='ocr_line' id='line_1_38' title="bbox 215 2161 950 2204; baseline -0.001 -11"><span class='ocrx_word' id='word_1_193' title='bbox 215 2171 279 2204; x_wconf 89' lang='lat' dir='ltr'>que</span> <span class='ocrx_word' id='word_1_194' title='bbox 304 2161 483 2201; x_wconf 88' lang='lat' dir='ltr'>statuimus,</span> <span class='ocrx_word' id='word_1_195' title='bbox 509 2161 563 2193; x_wconf 87' lang='lat' dir='ltr'>uni</span> <span class='ocrx_word' id='word_1_196' title='bbox 591 2161 738 2193; x_wconf 88' lang='lat' dir='ltr'>ministro</span> <span class='ocrx_word' id='word_1_197' title='bbox 757 2161 900 2202; x_wconf 80' lang='lat' dir='ltr'>generali</span> <span class='ocrx_word' id='word_1_198' title='bbox 920 2166 950 2192; x_wconf 80' lang='lat' dir='ltr'>ct</span> 
     </span>
     <span class='ocr_line' id='line_1_39' title="bbox 214 2213 949 2256; baseline 0 -10"><span class='ocrx_word' id='word_1_199' title='bbox 214 2213 415 2246; x_wconf 84' lang='lat' dir='ltr'>secundariis</span> <span class='ocrx_word' id='word_1_200' title='bbox 435 2213 659 2256; x_wconf 88' lang='lat' dir='ltr'>superioribus</span> <span class='ocrx_word' id='word_1_201' title='bbox 676 2213 802 2246; x_wconf 86' lang='lat' dir='ltr'>Ordinis</span> <span class='ocrx_word' id='word_1_202' title='bbox 819 2213 949 2246; x_wconf 87' lang='lat' dir='ltr'>fratrum</span> 
     </span>
     <span class='ocr_line' id='line_1_40' title="bbox 213 2265 950 2309; baseline -0.001 -10"><span class='ocrx_word' id='word_1_203' title='bbox 213 2265 373 2299; x_wconf 90' lang='lat' dir='ltr'>Minorum</span> <span class='ocrx_word' id='word_1_204' title='bbox 398 2266 483 2299; x_wconf 86' lang='lat' dir='ltr'>beati</span> <span class='ocrx_word' id='word_1_205' title='bbox 509 2266 668 2298; x_wconf 85' lang='lat' dir='ltr'>Francisci</span> <span class='ocrx_word' id='word_1_206' title='bbox 685 2293 692 2306; x_wconf 92' lang='lat'>,</span> <span class='ocrx_word' id='word_1_207' title='bbox 720 2266 772 2309; x_wconf 88' lang='lat' dir='ltr'>qui</span> <span class='ocrx_word' id='word_1_208' title='bbox 808 2265 950 2299; x_wconf 88' lang='lat' dir='ltr'>Conven-</span> 
     </span>
     <span class='ocr_line' id='line_1_41' title="bbox 214 2319 951 2359; baseline -0.003 -7"><span class='ocrx_word' id='word_1_209' title='bbox 214 2321 318 2353; x_wconf 86' lang='lat' dir='ltr'>tuales</span> <span class='ocrx_word' id='word_1_210' title='bbox 343 2319 512 2358; x_wconf 91' lang='lat' dir='ltr'>dicuntur,</span> <span class='ocrx_word' id='word_1_211' title='bbox 538 2329 604 2351; x_wconf 89' lang='lat' dir='ltr'>non</span> <span class='ocrx_word' id='word_1_212' title='bbox 628 2329 705 2351; x_wconf 88' lang='lat' dir='ltr'>vero</span> <span class='ocrx_word' id='word_1_213' title='bbox 731 2319 815 2359; x_wconf 89' lang='lat' dir='ltr'>aliis,</span> <span class='ocrx_word' id='word_1_214' title='bbox 841 2324 951 2351; x_wconf 83' lang='lat' dir='ltr'>aucto-</span> 
     </span>
     <span class='ocr_line' id='line_1_42' title="bbox 211 2371 950 2406; baseline -0.003 -1"><span class='ocrx_word' id='word_1_215' title='bbox 211 2372 342 2406; x_wconf 87' lang='lat' dir='ltr'>ritatem</span> <span class='ocrx_word' id='word_1_216' title='bbox 367 2377 399 2405; x_wconf 92' lang='lat' dir='ltr'>et</span> <span class='ocrx_word' id='word_1_217' title='bbox 423 2371 679 2404; x_wconf 87' lang='lat' dir='ltr'>iurisdietionem</span> <span class='ocrx_word' id='word_1_218' title='bbox 697 2371 730 2403; x_wconf 88' lang='lat' dir='ltr'>in</span> <span class='ocrx_word' id='word_1_219' title='bbox 747 2381 821 2404; x_wconf 88' lang='lat' dir='ltr'>suos</span> <span class='ocrx_word' id='word_1_220' title='bbox 841 2371 950 2404; x_wconf 86' lang='lat' dir='ltr'>tertia-</span> 
     </span>
     <span class='ocr_line' id='line_1_43' title="bbox 213 2424 695 2467; baseline -0.006 -8"><span class='ocrx_word' id='word_1_221' title='bbox 213 2425 280 2459; x_wconf 88' lang='lat' dir='ltr'>rios</span> <span class='ocrx_word' id='word_1_222' title='bbox 305 2424 417 2459; x_wconf 89' lang='lat' dir='ltr'>deberi</span> <span class='ocrx_word' id='word_1_223' title='bbox 442 2430 473 2457; x_wconf 92' lang='lat' dir='ltr'>et</span> <span class='ocrx_word' id='word_1_224' title='bbox 497 2429 695 2467; x_wconf 88' lang='lat' dir='ltr'>competere.</span> 
     </span>
    </p>

    <p class='ocr_par' dir='ltr' id='par_1_6' title="bbox 42 2476 951 2528">
     <span class='ocr_line' id='line_1_44' title="bbox 42 2476 951 2528; baseline -0.002 -17"><span class='ocrx_word' id='word_1_225' title='bbox 42 2477 204 2528; x_wconf 50' lang='lat' dir='ltr'>fflssgffiffigur</span> <span class='ocrx_word' id='word_1_226' title='bbox 258 2477 273 2521; x_wconf 67' lang='grc' dir='ltr'><strong>ἓ</strong></span> <span class='ocrx_word' id='word_1_227' title='bbox 297 2477 329 2512; x_wconf 83' lang='grc'>3.</span> <span class='ocrx_word' id='word_1_228' title='bbox 357 2478 445 2511; x_wconf 78' lang='lat' dir='ltr'>lianc</span> <span class='ocrx_word' id='word_1_229' title='bbox 471 2483 577 2510; x_wconf 88' lang='lat' dir='ltr'>autem</span> <span class='ocrx_word' id='word_1_230' title='bbox 603 2476 828 2510; x_wconf 83' lang='lat' dir='ltr'>auctoritatem</span> <span class='ocrx_word' id='word_1_231' title='bbox 854 2482 885 2510; x_wconf 90' lang='lat' dir='ltr'>ct</span> <span class='ocrx_word' id='word_1_232' title='bbox 908 2477 951 2509; x_wconf 83' lang='lat' dir='ltr'>iu-</span> 
     </span>
    </p>
   </div>
   <div class='ocr_carea' id='block_1_2' title="bbox 22 2529 951 2586">
    <p class='ocr_par' dir='ltr' id='par_1_7' title="bbox 22 2529 951 2586">
     <span class='ocr_line' id='line_1_45' title="bbox 22 2529 951 2586; baseline 0 -23"><span class='ocrx_word' id='word_1_233' title='bbox 22 2529 436 2586; x_wconf 54' lang='lat' dir='ltr'>}ffl{?0⁰g¹,¹}¹{ffirisdietionem</span> <span class='ocrx_word' id='word_1_234' title='bbox 471 2530 588 2563; x_wconf 86' lang='lat' dir='ltr'>iisdem</span> <span class='ocrx_word' id='word_1_235' title='bbox 620 2529 772 2562; x_wconf 82' lang='lat' dir='ltr'>fratribus</span> <span class='ocrx_word' id='word_1_236' title='bbox 807 2529 951 2563; x_wconf 86' lang='lat' dir='ltr'>Conven-</span> 
     </span>
    </p>
   </div>
   <div class='ocr_carea' id='block_1_3' title="bbox 23 2582 782 2628">
    <p class='ocr_par' dir='ltr' id='par_1_8' title="bbox 23 2582 782 2628">
     <span class='ocr_line' id='line_1_46' title="bbox 23 2582 782 2628; baseline -0.004 -7"><span class='ocrx_word' id='word_1_237' title='bbox 23 2583 205 2612; x_wconf 65' lang='lat' dir='ltr'>liupr-aemam.</span> <span class='ocrx_word' id='word_1_238' title='bbox 249 2594 261 2621; x_wconf 80' lang='lat'>¹</span> <span class='ocrx_word' id='word_1_239' title='bbox 282 2582 355 2621; x_wconf 82' lang='lat' dir='ltr'>Edit.</span> <span class='ocrx_word' id='word_1_240' title='bbox 375 2592 456 2622; x_wconf 83' lang='lat' dir='ltr'>Main.</span> <span class='ocrx_word' id='word_1_241' title='bbox 479 2592 546 2628; x_wconf 80' lang='lat' dir='ltr'>legit</span> <span class='ocrx_word' id='word_1_242' title='bbox 564 2600 651 2621; x_wconf 82' lang='lat' dir='ltr'>curae</span> <span class='ocrx_word' id='word_1_243' title='bbox 671 2593 711 2627; x_wconf 76' lang='lat' dir='ltr'>(a.</span> <span class='ocrx_word' id='word_1_244' title='bbox 732 2592 782 2627; x_wconf 86' lang='lat' dir='ltr'>T.).</span> 
     </span>
    </p>
   </div>
   <div class='ocr_carea' id='block_1_4' title="bbox 809 213 1160 238">
    <p class='ocr_par' dir='ltr' id='par_1_9' title="bbox 809 213 1160 238">
     <span class='ocr_line' id='line_1_47' title="bbox 809 213 1160 238; baseline -0.006 0"><span class='ocrx_word' id='word_1_245' title='bbox 809 213 1003 238; x_wconf 83' lang='lat' dir='ltr'>BENEDICTUS</span> <span class='ocrx_word' id='word_1_246' title='bbox 1030 213 1086 237; x_wconf 85' lang='lat' dir='ltr'>x111</span> <span class='ocrx_word' id='word_1_247' title='bbox 1111 213 1160 236; x_wconf 76' lang='lat' dir='ltr'>PP-</span> 
     </span>
    </p>
   </div>
   <div class='ocr_carea' id='block_1_5' title="bbox 973 260 988 1997">
    <p class='ocr_par' dir='ltr' id='par_1_10' title="bbox 973 260 988 1997">
     <span class='ocr_line' id='line_1_48' title="bbox 973 260 988 1997; baseline 0 0"><span class='ocrx_word' id='word_1_248' title='bbox 973 260 988 1997; x_wconf 95' lang='lat' dir='ltr'> </span> 
     </span>
    </p>
   </div>
   <div class='ocr_carea' id='block_1_6' title="bbox 972 260 988 2271">
    <p class='ocr_par' dir='ltr' id='par_1_11' title="bbox 972 260 988 2271">
     <span class='ocr_line' id='line_1_49' title="bbox 972 260 988 2271; baseline 0 0"><span class='ocrx_word' id='word_1_249' title='bbox 972 260 988 2271; x_wconf 95' lang='lat' dir='ltr'> </span> 
     </span>
    </p>
   </div>
   <div class='ocr_carea' id='block_1_7' title="bbox 1007 203 1937 305">
    <p class='ocr_par' dir='ltr' id='par_1_12' title="bbox 1007 203 1937 305">
     <span class='ocr_line' id='line_1_50' title="bbox 1637 203 1937 239; baseline 0.01 -4"><span class='ocrx_word' id='word_1_250' title='bbox 1637 203 1697 236; x_wconf 72' lang='lat'>371</span> <span class='ocrx_word' id='word_1_251' title='bbox 1749 213 1797 237; x_wconf 73' lang='lat' dir='ltr'>An.</span> <span class='ocrx_word' id='word_1_252' title='bbox 1817 212 1844 238; x_wconf 87' lang='lat' dir='ltr'>C.</span> <span class='ocrx_word' id='word_1_253' title='bbox 1870 212 1937 239; x_wconf 82' lang='lat'><strong>¹726</strong></span> 
     </span>
     <span class='ocr_line' id='line_1_51' title="bbox 1007 260 1936 305; baseline -0.006 -10"><span class='ocrx_word' id='word_1_254' title='bbox 1007 262 1146 295; x_wconf 86' lang='lat' dir='ltr'>tualibus</span> <span class='ocrx_word' id='word_1_255' title='bbox 1171 262 1243 305; x_wconf 83' lang='lat' dir='ltr'>piae</span> <span class='ocrx_word' id='word_1_256' title='bbox 1268 261 1442 294; x_wconf 86' lang='lat' dir='ltr'>memoriae</span> <span class='ocrx_word' id='word_1_257' title='bbox 1468 261 1602 294; x_wconf 83' lang='lat' dir='ltr'>Romani</span> <span class='ocrx_word' id='word_1_258' title='bbox 1635 260 1848 293; x_wconf 49' lang='lat' dir='ltr'>Ponti-manno</span> <span class='ocrx_word' id='word_1_259' title='bbox 1875 279 1936 298; x_wconf 50' lang='lat' dir='ltr'>prae.</span> 
     </span>
    </p>
   </div>
   <div class='ocr_carea' id='block_1_8' title="bbox 993 300 1939 2627">
    <p class='ocr_par' dir='ltr' id='par_1_13' title="bbox 1005 300 1939 513">
     <span class='ocr_line' id='line_1_52' title="bbox 1005 300 1939 356; baseline 0 -10"><span class='ocrx_word' id='word_1_260' title='bbox 1005 313 1082 347; x_wconf 80' lang='lat' dir='ltr'>sices</span> <span class='ocrx_word' id='word_1_261' title='bbox 1122 320 1344 347; x_wconf 82' lang='lat' dir='ltr'>antecessores</span> <span class='ocrx_word' id='word_1_262' title='bbox 1382 314 1484 346; x_wconf 82' lang='lat' dir='ltr'>nostri</span> <span class='ocrx_word' id='word_1_263' title='bbox 1520 314 1668 356; x_wconf 86' lang='lat' dir='ltr'>pluribus</span> <span class='ocrx_word' id='word_1_264' title='bbox 1701 300 1939 354; x_wconf 54' lang='lat' dir='ltr'>ab2¹.33¹=2?1.,f⁰¹¹0&#39;832</span> 
     </span>
     <span class='ocr_line' id='line_1_53' title="bbox 1006 352 1876 409; baseline -0.001 -11"><span class='ocrx_word' id='word_1_265' title='bbox 1006 367 1083 399; x_wconf 80' lang='lat' dir='ltr'>liinc</span> <span class='ocrx_word' id='word_1_266' title='bbox 1109 367 1245 399; x_wconf 85' lang='lat' dir='ltr'>saeculis</span> <span class='ocrx_word' id='word_1_267' title='bbox 1272 367 1452 409; x_wconf 80' lang='lat' dir='ltr'>apostolica</span> <span class='ocrx_word' id='word_1_268' title='bbox 1471 367 1619 408; x_wconf 71' lang='lat' dir='ltr'>largitate</span> <span class='ocrx_word' id='word_1_269' title='bbox 1635 367 1742 398; x_wconf 88' lang='lat' dir='ltr'>indul·</span> <span class='ocrx_word' id='word_1_270' title='bbox 1754 358 1814 372; x_wconf 56' lang='lat'><strong>“⁰⁵⁵³</strong></span> <span class='ocrx_word' id='word_1_271' title='bbox 1830 352 1876 372; x_wconf 74' lang='lat' dir='ltr'>sun.</span> 
     </span>
     <span class='ocr_line' id='line_1_54' title="bbox 1006 419 1741 458; baseline 0.001 -8"><span class='ocrx_word' id='word_1_272' title='bbox 1006 424 1131 458; x_wconf 79' lang='lat' dir='ltr'>serunt3</span> <span class='ocrx_word' id='word_1_273' title='bbox 1158 419 1310 451; x_wconf 74' lang='lat' dir='ltr'>videlicet</span> <span class='ocrx_word' id='word_1_274' title='bbox 1333 420 1538 451; x_wconf 67' lang='lat' dir='ltr'>Innocentius</span> <span class='ocrx_word' id='word_1_275' title='bbox 1565 419 1599 450; x_wconf 62' lang='grc' dir='ltr'>11Τ</span> <span class='ocrx_word' id='word_1_276' title='bbox 1625 419 1741 451; x_wconf 85' lang='lat' dir='ltr'>litteris</span> 
     </span>
     <span class='ocr_line' id='line_1_55' title="bbox 1005 470 1742 513; baseline 0 -11"><span class='ocrx_word' id='word_1_277' title='bbox 1005 470 1235 513; x_wconf 83' lang='lat' dir='ltr'>incipientibus</span> <span class='ocrx_word' id='word_1_278' title='bbox 1266 471 1341 503; x_wconf 80' lang='lat' dir='ltr'>Vota</span> <span class='ocrx_word' id='word_1_279' title='bbox 1367 471 1562 509; x_wconf 67' lang='lat' dir='ltr'>devotorum,</span> <span class='ocrx_word' id='word_1_280' title='bbox 1584 471 1667 503; x_wconf 79' lang='lat' dir='ltr'>datis</span> <span class='ocrx_word' id='word_1_281' title='bbox 1686 472 1742 503; x_wconf 91' lang='lat' dir='ltr'>Lu-</span> 
     </span>
    </p>

    <p class='ocr_par' dir='ltr' id='par_1_14' title="bbox 1004 522 1742 670">
     <span class='ocr_line' id='line_1_56' title="bbox 1006 522 1741 564; baseline 0.003 -11"><span class='ocrx_word' id='word_1_282' title='bbox 1006 523 1103 564; x_wconf 81' lang='lat' dir='ltr'>gduni</span> <span class='ocrx_word' id='word_1_283' title='bbox 1123 522 1229 554; x_wconf 90' lang='lat' dir='ltr'>idibus</span> <span class='ocrx_word' id='word_1_284' title='bbox 1247 523 1325 554; x_wconf 92' lang='lat' dir='ltr'>iunii</span> <span class='ocrx_word' id='word_1_285' title='bbox 1349 534 1432 555; x_wconf 84' lang='lat' dir='ltr'>anno</span> <span class='ocrx_word' id='word_1_286' title='bbox 1449 523 1572 554; x_wconf 79' lang='lat' dir='ltr'>Domini</span> <span class='ocrx_word' id='word_1_287' title='bbox 1596 532 1741 563; x_wconf 70' lang='lat' dir='ltr'>MCCXLVl,</span> 
     </span>
     <span class='ocr_line' id='line_1_57' title="bbox 1005 574 1742 617; baseline 0 -11"><span class='ocrx_word' id='word_1_288' title='bbox 1005 574 1211 617; x_wconf 80' lang='lat' dir='ltr'>pontificatus</span> <span class='ocrx_word' id='word_1_289' title='bbox 1236 585 1286 612; x_wconf 83' lang='lat' dir='ltr'>1v;</span> <span class='ocrx_word' id='word_1_290' title='bbox 1313 574 1464 607; x_wconf 77' lang='lat' dir='ltr'>Nicotaus</span> <span class='ocrx_word' id='word_1_291' title='bbox 1491 576 1525 606; x_wconf 79' lang='lat' dir='ltr'>tv</span> <span class='ocrx_word' id='word_1_292' title='bbox 1553 575 1668 607; x_wconf 83' lang='lat' dir='ltr'>litteris</span> <span class='ocrx_word' id='word_1_293' title='bbox 1694 576 1742 606; x_wconf 92' lang='lat' dir='ltr'>in-</span> 
     </span>
     <span class='ocr_line' id='line_1_58' title="bbox 1004 628 1740 670; baseline 0.001 -11"><span class='ocrx_word' id='word_1_294' title='bbox 1004 628 1198 670; x_wconf 84' lang='lat' dir='ltr'>cipientibus</span> <span class='ocrx_word' id='word_1_295' title='bbox 1227 628 1419 669; x_wconf 70' lang='lat' dir='ltr'>Um&#39;qem&#39;lus</span> <span class='ocrx_word' id='word_1_296' title='bbox 1444 628 1503 660; x_wconf 74' lang='lat' dir='ltr'>Dei</span> <span class='ocrx_word' id='word_1_297' title='bbox 1519 629 1640 665; x_wconf 70' lang='lat' dir='ltr'>Filius,</span> <span class='ocrx_word' id='word_1_298' title='bbox 1659 628 1740 661; x_wconf 87' lang='lat' dir='ltr'>datis</span> 
     </span>
    </p>

    <p class='ocr_par' dir='ltr' id='par_1_15' title="bbox 1005 680 1740 723">
     <span class='ocr_line' id='line_1_59' title="bbox 1005 680 1740 723; baseline 0.003 -11"><span class='ocrx_word' id='word_1_299' title='bbox 1005 681 1088 723; x_wconf 85' lang='lat' dir='ltr'>apud</span> <span class='ocrx_word' id='word_1_300' title='bbox 1127 680 1388 712; x_wconf 84' lang='lat' dir='ltr'>Urbemreterem</span> <span class='ocrx_word' id='word_1_301' title='bbox 1419 691 1449 714; x_wconf 82' lang='lat' dir='ltr'>V1</span> <span class='ocrx_word' id='word_1_302' title='bbox 1483 681 1554 713; x_wconf 87' lang='lat' dir='ltr'>idus</span> <span class='ocrx_word' id='word_1_303' title='bbox 1590 687 1740 723; x_wconf 76' lang='lat' dir='ltr'>augustas</span> 
     </span>
    </p>

    <p class='ocr_par' dir='ltr' id='par_1_16' title="bbox 1003 733 1742 987">
     <span class='ocr_line' id='line_1_60' title="bbox 1004 733 1741 775; baseline 0.001 -11"><span class='ocrx_word' id='word_1_304' title='bbox 1004 743 1089 765; x_wconf 87' lang='lat' dir='ltr'>anno</span> <span class='ocrx_word' id='word_1_305' title='bbox 1108 742 1219 771; x_wconf 73' lang='lat' dir='ltr'>mccxc,</span> <span class='ocrx_word' id='word_1_306' title='bbox 1246 733 1449 775; x_wconf 69' lang='lat' dir='ltr'>pontificatus</span> <span class='ocrx_word' id='word_1_307' title='bbox 1468 744 1523 772; x_wconf 86' lang='grc'>111;</span> <span class='ocrx_word' id='word_1_308' title='bbox 1546 734 1699 766; x_wconf 84' lang='lat' dir='ltr'>Martinus</span> <span class='ocrx_word' id='word_1_309' title='bbox 1720 733 1741 765; x_wconf 88' lang='lat' dir='ltr'>V</span> 
     </span>
     <span class='ocr_line' id='line_1_61' title="bbox 1005 785 1740 828; baseline 0.001 -11"><span class='ocrx_word' id='word_1_310' title='bbox 1005 785 1120 818; x_wconf 89' lang='lat' dir='ltr'>litteris</span> <span class='ocrx_word' id='word_1_311' title='bbox 1146 785 1374 828; x_wconf 82' lang='lat' dir='ltr'>incipientibus</span> <span class='ocrx_word' id='word_1_312' title='bbox 1401 786 1491 818; x_wconf 78' lang='lat' dir='ltr'>Inter</span> <span class='ocrx_word' id='word_1_313' title='bbox 1515 791 1629 825; x_wconf 80' lang='lat' dir='ltr'>celera,</span> <span class='ocrx_word' id='word_1_314' title='bbox 1659 787 1740 819; x_wconf 81' lang='lat' dir='ltr'>datis</span> 
     </span>
     <span class='ocr_line' id='line_1_62' title="bbox 1004 838 1740 879; baseline 0.004 -10"><span class='ocrx_word' id='word_1_315' title='bbox 1004 838 1124 870; x_wconf 81' lang='lat' dir='ltr'>Romae</span> <span class='ocrx_word' id='word_1_316' title='bbox 1144 838 1246 870; x_wconf 89' lang='lat' dir='ltr'>vidus</span> <span class='ocrx_word' id='word_1_317' title='bbox 1264 838 1456 871; x_wconf 77' lang='lat' dir='ltr'>decembres</span> <span class='ocrx_word' id='word_1_318' title='bbox 1475 849 1560 871; x_wconf 80' lang='lat' dir='ltr'>aimo</span> <span class='ocrx_word' id='word_1_319' title='bbox 1576 849 1740 879; x_wconf 79' lang='lat' dir='ltr'>nenxxvn,</span> 
     </span>
     <span class='ocr_line' id='line_1_63' title="bbox 1003 890 1741 933; baseline 0.001 -10"><span class='ocrx_word' id='word_1_320' title='bbox 1003 890 1208 933; x_wconf 81' lang='lat' dir='ltr'>pontificatus</span> <span class='ocrx_word' id='word_1_321' title='bbox 1235 901 1272 930; x_wconf 75' lang='lat' dir='ltr'>x,</span> <span class='ocrx_word' id='word_1_322' title='bbox 1300 897 1331 923; x_wconf 87' lang='lat' dir='ltr'>et</span> <span class='ocrx_word' id='word_1_323' title='bbox 1355 891 1460 923; x_wconf 79' lang='lat' dir='ltr'>Sixtus</span> <span class='ocrx_word' id='word_1_324' title='bbox 1487 892 1521 923; x_wconf 92' lang='lat' dir='ltr'>lV</span> <span class='ocrx_word' id='word_1_325' title='bbox 1549 892 1665 924; x_wconf 87' lang='lat' dir='ltr'>litteris</span> <span class='ocrx_word' id='word_1_326' title='bbox 1698 892 1741 924; x_wconf 93' lang='lat' dir='ltr'>in-</span> 
     </span>
     <span class='ocr_line' id='line_1_64' title="bbox 1003 944 1742 987; baseline 0 -11"><span class='ocrx_word' id='word_1_327' title='bbox 1003 945 1197 987; x_wconf 80' lang='lat' dir='ltr'>cipientibus</span> <span class='ocrx_word' id='word_1_328' title='bbox 1222 945 1363 977; x_wconf 74' lang='lat' dir='ltr'>Romani</span> <span class='ocrx_word' id='word_1_329' title='bbox 1386 944 1557 986; x_wconf 76' lang='lat' dir='ltr'>Pontificis</span> <span class='ocrx_word' id='word_1_330' title='bbox 1573 944 1742 987; x_wconf 70' lang='lat' dir='ltr'>previden-</span> 
     </span>
    </p>

    <p class='ocr_par' dir='ltr' id='par_1_17' title="bbox 1004 998 1741 1037">
     <span class='ocr_line' id='line_1_65' title="bbox 1004 998 1741 1037; baseline 0 -8"><span class='ocrx_word' id='word_1_331' title='bbox 1004 998 1074 1037; x_wconf 77' lang='lat' dir='ltr'>lz&#39;a,</span> <span class='ocrx_word' id='word_1_332' title='bbox 1102 998 1182 1030; x_wconf 85' lang='lat' dir='ltr'>datis</span> <span class='ocrx_word' id='word_1_333' title='bbox 1208 998 1326 1029; x_wconf 78' lang='lat' dir='ltr'>Romae</span> <span class='ocrx_word' id='word_1_334' title='bbox 1351 1007 1428 1030; x_wconf 79' lang='lat' dir='ltr'>xvtn</span> <span class='ocrx_word' id='word_1_335' title='bbox 1450 998 1604 1030; x_wconf 81' lang='lat' dir='ltr'>kalendas</span> <span class='ocrx_word' id='word_1_336' title='bbox 1630 998 1741 1030; x_wconf 84' lang='lat' dir='ltr'>ianua-</span> 
     </span>
    </p>

    <p class='ocr_par' dir='ltr' id='par_1_18' title="bbox 1004 1050 1640 1092">
     <span class='ocr_line' id='line_1_66' title="bbox 1004 1050 1640 1092; baseline 0 -10"><span class='ocrx_word' id='word_1_337' title='bbox 1004 1051 1066 1082; x_wconf 84' lang='lat' dir='ltr'>rias</span> <span class='ocrx_word' id='word_1_338' title='bbox 1091 1061 1176 1083; x_wconf 86' lang='lat' dir='ltr'>anno</span> <span class='ocrx_word' id='word_1_339' title='bbox 1202 1059 1363 1089; x_wconf 75' lang='lat' dir='ltr'>nanxxl,</span> <span class='ocrx_word' id='word_1_340' title='bbox 1389 1050 1594 1092; x_wconf 78' lang='lat' dir='ltr'>pontificatus</span> <span class='ocrx_word' id='word_1_341' title='bbox 1620 1061 1640 1084; x_wconf 91' lang='lat'>1.</span> 
     </span>
    </p>

    <p class='ocr_par' dir='ltr' id='par_1_19' title="bbox 993 1103 1938 2627">
     <span class='ocr_line' id='line_1_67' title="bbox 1047 1103 1938 1156; baseline 0 -21"><span class='ocrx_word' id='word_1_342' title='bbox 1047 1103 1113 1146; x_wconf 61' lang='lat'>54.</span> <span class='ocrx_word' id='word_1_343' title='bbox 1141 1103 1243 1140; x_wconf 86' lang='lat' dir='ltr'>Quare</span> <span class='ocrx_word' id='word_1_344' title='bbox 1270 1114 1329 1135; x_wconf 90' lang='lat' dir='ltr'>nos</span> <span class='ocrx_word' id='word_1_345' title='bbox 1356 1114 1502 1146; x_wconf 78' lang='lat' dir='ltr'>quoque,</span> <span class='ocrx_word' id='word_1_346' title='bbox 1532 1103 1938 1156; x_wconf 47' lang='lat' dir='ltr'>decessorummffizffufftgffi</span> 
     </span>
     <span class='ocr_line' id='line_1_68' title="bbox 1001 1150 1937 1211; baseline -0.001 -22"><span class='ocrx_word' id='word_1_347' title='bbox 1001 1163 1187 1190; x_wconf 80' lang='lat' dir='ltr'>nostrorum</span> <span class='ocrx_word' id='word_1_348' title='bbox 1221 1157 1320 1199; x_wconf 80' lang='lat' dir='ltr'>gestis</span> <span class='ocrx_word' id='word_1_349' title='bbox 1354 1156 1577 1196; x_wconf 81' lang='lat' dir='ltr'>inhaerentes,</span> <span class='ocrx_word' id='word_1_350' title='bbox 1611 1150 1937 1211; x_wconf 36' lang='lat' dir='ltr'>eorum-ffpjijlrjfflpfsssusde-</span> 
     </span>
     <span class='ocr_line' id='line_1_69' title="bbox 1002 1203 1913 1253; baseline -0.002 -9"><span class='ocrx_word' id='word_1_351' title='bbox 1002 1212 1073 1244; x_wconf 90' lang='lat' dir='ltr'>dem</span> <span class='ocrx_word' id='word_1_352' title='bbox 1099 1210 1293 1253; x_wconf 85' lang='lat' dir='ltr'>apostolicas</span> <span class='ocrx_word' id='word_1_353' title='bbox 1329 1210 1454 1242; x_wconf 82' lang='lat' dir='ltr'>litteras</span> <span class='ocrx_word' id='word_1_354' title='bbox 1477 1210 1538 1241; x_wconf 89' lang='lat' dir='ltr'>iam</span> <span class='ocrx_word' id='word_1_355' title='bbox 1564 1203 1778 1243; x_wconf 64' lang='lat' dir='ltr'>recensitas=</span> <span class='ocrx_word' id='word_1_356' title='bbox 1909 1206 1913 1210; x_wconf 77' lang='grc'><strong>’</strong></span> 
     </span>
     <span class='ocr_line' id='line_1_70' title="bbox 1001 1262 1738 1303; baseline -0.001 -7"><span class='ocrx_word' id='word_1_357' title='bbox 1001 1263 1193 1296; x_wconf 84' lang='lat' dir='ltr'>auctoritate</span> <span class='ocrx_word' id='word_1_358' title='bbox 1219 1265 1329 1296; x_wconf 74' lang='lat' dir='ltr'>nostra</span> <span class='ocrx_word' id='word_1_359' title='bbox 1354 1262 1472 1295; x_wconf 87' lang='lat' dir='ltr'>iterum</span> <span class='ocrx_word' id='word_1_360' title='bbox 1497 1262 1738 1303; x_wconf 82' lang='lat' dir='ltr'>confirmamus,</span> 
     </span>
     <span class='ocr_line' id='line_1_71' title="bbox 1000 1316 1742 1359; baseline 0.003 -11"><span class='ocrx_word' id='word_1_361' title='bbox 1000 1317 1099 1359; x_wconf 88' lang='lat' dir='ltr'>inque</span> <span class='ocrx_word' id='word_1_362' title='bbox 1135 1327 1193 1349; x_wconf 91' lang='lat' dir='ltr'>suo</span> <span class='ocrx_word' id='word_1_363' title='bbox 1230 1317 1396 1359; x_wconf 84' lang='lat' dir='ltr'>primaevo</span> <span class='ocrx_word' id='word_1_364' title='bbox 1433 1316 1552 1349; x_wconf 82' lang='lat' dir='ltr'>robore</span> <span class='ocrx_word' id='word_1_365' title='bbox 1588 1327 1675 1349; x_wconf 89' lang='lat' dir='ltr'>nunc</span> <span class='ocrx_word' id='word_1_366' title='bbox 1710 1322 1742 1350; x_wconf 84' lang='lat' dir='ltr'>et</span> 
     </span>
     <span class='ocr_line' id='line_1_72' title="bbox 1001 1370 1741 1413; baseline 0 -10"><span class='ocrx_word' id='word_1_367' title='bbox 1001 1371 1157 1413; x_wconf 75' lang='lat' dir='ltr'>deinceps</span> <span class='ocrx_word' id='word_1_368' title='bbox 1186 1380 1320 1402; x_wconf 85' lang='lat' dir='ltr'>manere</span> <span class='ocrx_word' id='word_1_369' title='bbox 1341 1371 1502 1409; x_wconf 86' lang='lat' dir='ltr'>velumus,</span> <span class='ocrx_word' id='word_1_370' title='bbox 1524 1370 1663 1412; x_wconf 82' lang='lat' dir='ltr'>ideoque</span> <span class='ocrx_word' id='word_1_371' title='bbox 1689 1381 1741 1413; x_wconf 86' lang='lat' dir='ltr'>ap-</span> 
     </span>
     <span class='ocr_line' id='line_1_73' title="bbox 999 1422 1740 1466; baseline 0.001 -11"><span class='ocrx_word' id='word_1_372' title='bbox 999 1423 1199 1466; x_wconf 84' lang='lat' dir='ltr'>probantes,</span> <span class='ocrx_word' id='word_1_373' title='bbox 1233 1429 1330 1466; x_wconf 85' lang='lat' dir='ltr'>atque</span> <span class='ocrx_word' id='word_1_374' title='bbox 1362 1423 1479 1455; x_wconf 87' lang='lat' dir='ltr'>iterum</span> <span class='ocrx_word' id='word_1_375' title='bbox 1513 1422 1740 1456; x_wconf 80' lang='lat' dir='ltr'>confirmantes</span> 
     </span>
     <span class='ocr_line' id='line_1_74' title="bbox 1000 1475 1740 1519; baseline -0.003 -10"><span class='ocrx_word' id='word_1_376' title='bbox 1000 1487 1128 1509; x_wconf 88' lang='lat' dir='ltr'>omnem</span> <span class='ocrx_word' id='word_1_377' title='bbox 1155 1480 1363 1519; x_wconf 79' lang='lat' dir='ltr'>potestatem,</span> <span class='ocrx_word' id='word_1_378' title='bbox 1388 1475 1614 1508; x_wconf 86' lang='lat' dir='ltr'>auctoritatem</span> <span class='ocrx_word' id='word_1_379' title='bbox 1641 1482 1672 1508; x_wconf 91' lang='lat' dir='ltr'>et</span> <span class='ocrx_word' id='word_1_380' title='bbox 1696 1476 1740 1508; x_wconf 89' lang='lat' dir='ltr'>iu-</span> 
     </span>
     <span class='ocr_line' id='line_1_75' title="bbox 999 1529 1740 1563; baseline 0 -1"><span class='ocrx_word' id='word_1_381' title='bbox 999 1530 1221 1563; x_wconf 87' lang='lat' dir='ltr'>risdictionem</span> <span class='ocrx_word' id='word_1_382' title='bbox 1248 1530 1279 1561; x_wconf 91' lang='lat' dir='ltr'>in</span> <span class='ocrx_word' id='word_1_383' title='bbox 1305 1530 1437 1562; x_wconf 88' lang='lat' dir='ltr'>eosdem</span> <span class='ocrx_word' id='word_1_384' title='bbox 1455 1529 1618 1562; x_wconf 81' lang='lat' dir='ltr'>tertiarios</span> <span class='ocrx_word' id='word_1_385' title='bbox 1646 1529 1740 1562; x_wconf 88' lang='lat' dir='ltr'>mini-</span> 
     </span>
     <span class='ocr_line' id='line_1_76' title="bbox 998 1582 1740 1625; baseline -0.003 -10"><span class='ocrx_word' id='word_1_386' title='bbox 998 1588 1063 1615; x_wconf 89' lang='lat' dir='ltr'>stro</span> <span class='ocrx_word' id='word_1_387' title='bbox 1081 1582 1227 1625; x_wconf 83' lang='lat' dir='ltr'>generali</span> <span class='ocrx_word' id='word_1_388' title='bbox 1253 1582 1435 1624; x_wconf 85' lang='lat' dir='ltr'>ceterisque</span> <span class='ocrx_word' id='word_1_389' title='bbox 1461 1582 1663 1614; x_wconf 83' lang='lat' dir='ltr'>secundariis</span> <span class='ocrx_word' id='word_1_390' title='bbox 1689 1593 1740 1614; x_wconf 91' lang='lat' dir='ltr'>su-</span> 
     </span>
     <span class='ocr_line' id='line_1_77' title="bbox 997 1635 1739 1678; baseline 0 -10"><span class='ocrx_word' id='word_1_391' title='bbox 997 1636 1183 1678; x_wconf 84' lang='lat' dir='ltr'>perioribus</span> <span class='ocrx_word' id='word_1_392' title='bbox 1197 1635 1325 1668; x_wconf 89' lang='lat' dir='ltr'>Ordinis</span> <span class='ocrx_word' id='word_1_393' title='bbox 1339 1635 1472 1667; x_wconf 82' lang='lat' dir='ltr'>fratrum</span> <span class='ocrx_word' id='word_1_394' title='bbox 1488 1635 1644 1668; x_wconf 81' lang='lat' dir='ltr'>Minorum</span> <span class='ocrx_word' id='word_1_395' title='bbox 1659 1636 1739 1669; x_wconf 88' lang='lat' dir='ltr'>Con-</span> 
     </span>
     <span class='ocr_line' id='line_1_78' title="bbox 997 1688 1738 1722; baseline 0 -1"><span class='ocrx_word' id='word_1_396' title='bbox 997 1689 1194 1722; x_wconf 78' lang='lat' dir='ltr'>ventualium</span> <span class='ocrx_word' id='word_1_397' title='bbox 1227 1690 1261 1722; x_wconf 89' lang='lat' dir='ltr'>B.</span> <span class='ocrx_word' id='word_1_398' title='bbox 1290 1688 1453 1721; x_wconf 82' lang='lat' dir='ltr'>Francisci</span> <span class='ocrx_word' id='word_1_399' title='bbox 1483 1689 1523 1721; x_wconf 85' lang='lat' dir='ltr'>ab</span> <span class='ocrx_word' id='word_1_400' title='bbox 1555 1694 1738 1722; x_wconf 85' lang='lat' dir='ltr'>antecesso-</span> 
     </span>
     <span class='ocr_line' id='line_1_79' title="bbox 997 1742 1738 1785; baseline 0.001 -11"><span class='ocrx_word' id='word_1_401' title='bbox 997 1743 1085 1775; x_wconf 88' lang='lat' dir='ltr'>ribus</span> <span class='ocrx_word' id='word_1_402' title='bbox 1104 1742 1222 1775; x_wconf 86' lang='lat' dir='ltr'>nostris</span> <span class='ocrx_word' id='word_1_403' title='bbox 1241 1742 1319 1774; x_wconf 89' lang='lat' dir='ltr'>olim</span> <span class='ocrx_word' id='word_1_404' title='bbox 1337 1752 1532 1782; x_wconf 86' lang='lat' dir='ltr'>concessam,</span> <span class='ocrx_word' id='word_1_405' title='bbox 1558 1753 1738 1785; x_wconf 85' lang='lat' dir='ltr'>omnesque</span> 
     </span>
     <span class='ocr_line' id='line_1_80' title="bbox 997 1795 1738 1837; baseline -0.001 -9"><span class='ocrx_word' id='word_1_406' title='bbox 997 1796 1164 1828; x_wconf 84' lang='lat' dir='ltr'>facultates</span> <span class='ocrx_word' id='word_1_407' title='bbox 1176 1822 1183 1835; x_wconf 88' lang='lat'>,</span> <span class='ocrx_word' id='word_1_408' title='bbox 1211 1795 1432 1837; x_wconf 81' lang='lat' dir='ltr'>exemptiones</span> <span class='ocrx_word' id='word_1_409' title='bbox 1445 1821 1452 1834; x_wconf 88' lang='lat'>,</span> <span class='ocrx_word' id='word_1_410' title='bbox 1477 1795 1717 1837; x_wconf 74' lang='lat' dir='ltr'>praerogativas</span> <span class='ocrx_word' id='word_1_411' title='bbox 1729 1821 1738 1836; x_wconf 96' lang='lat'>,</span> 
     </span>
     <span class='ocr_line' id='line_1_81' title="bbox 996 1847 1737 1890; baseline 0 -10"><span class='ocrx_word' id='word_1_412' title='bbox 996 1848 1214 1890; x_wconf 71' lang='lat' dir='ltr'>indulgentias</span> <span class='ocrx_word' id='word_1_413' title='bbox 1241 1852 1272 1880; x_wconf 89' lang='lat' dir='ltr'>et</span> <span class='ocrx_word' id='word_1_414' title='bbox 1291 1847 1576 1890; x_wconf 79' lang='lat' dir='ltr'>praeeminentias,</span> <span class='ocrx_word' id='word_1_415' title='bbox 1595 1847 1626 1879; x_wconf 90' lang='lat' dir='ltr'>in</span> <span class='ocrx_word' id='word_1_416' title='bbox 1645 1858 1737 1890; x_wconf 85' lang='lat' dir='ltr'>prae-</span> 
     </span>
     <span class='ocr_line' id='line_1_82' title="bbox 995 1900 1737 1934; baseline -0.003 0"><span class='ocrx_word' id='word_1_417' title='bbox 995 1901 1081 1934; x_wconf 83' lang='lat' dir='ltr'>dicta</span> <span class='ocrx_word' id='word_1_418' title='bbox 1105 1900 1336 1934; x_wconf 88' lang='lat' dir='ltr'>constitutione</span> <span class='ocrx_word' id='word_1_419' title='bbox 1355 1902 1466 1932; x_wconf 74' lang='lat' dir='ltr'>nostra</span> <span class='ocrx_word' id='word_1_420' title='bbox 1483 1900 1627 1932; x_wconf 71' lang='lat' dir='ltr'>Falerna</span> <span class='ocrx_word' id='word_1_421' title='bbox 1648 1900 1737 1932; x_wconf 69' lang='lat' dir='ltr'>Sedis</span> 
     </span>
     <span class='ocr_line' id='line_1_83' title="bbox 993 1952 1736 1996; baseline -0.001 -10"><span class='ocrx_word' id='word_1_422' title='bbox 993 1953 1196 1996; x_wconf 76' lang='lat' dir='ltr'>Apostolicae</span> <span class='ocrx_word' id='word_1_423' title='bbox 1218 1952 1424 1995; x_wconf 71' lang='lat' dir='ltr'>providentia</span> <span class='ocrx_word' id='word_1_424' title='bbox 1457 1952 1604 1984; x_wconf 85' lang='lat' dir='ltr'>ministro</span> <span class='ocrx_word' id='word_1_425' title='bbox 1637 1963 1736 1993; x_wconf 79' lang='lat' dir='ltr'>gene-</span> 
     </span>
     <span class='ocr_line' id='line_1_84' title="bbox 995 2005 1734 2040; baseline -0.003 -1"><span class='ocrx_word' id='word_1_426' title='bbox 995 2007 1054 2039; x_wconf 84' lang='lat' dir='ltr'>rali</span> <span class='ocrx_word' id='word_1_427' title='bbox 1097 2005 1193 2040; x_wconf 87' lang='lat' dir='ltr'>totius</span> <span class='ocrx_word' id='word_1_428' title='bbox 1233 2005 1361 2037; x_wconf 87' lang='lat' dir='ltr'>Ordinis</span> <span class='ocrx_word' id='word_1_429' title='bbox 1401 2006 1534 2037; x_wconf 86' lang='lat' dir='ltr'>fratrum</span> <span class='ocrx_word' id='word_1_430' title='bbox 1575 2005 1734 2037; x_wconf 83' lang='lat' dir='ltr'>Minorum</span> 
     </span>
     <span class='ocr_line' id='line_1_85' title="bbox 994 2058 1733 2101; baseline -0.003 -9"><span class='ocrx_word' id='word_1_431' title='bbox 994 2060 1027 2092; x_wconf 88' lang='lat' dir='ltr'>B.</span> <span class='ocrx_word' id='word_1_432' title='bbox 1049 2058 1222 2099; x_wconf 82' lang='lat' dir='ltr'>Francisei,</span> <span class='ocrx_word' id='word_1_433' title='bbox 1250 2058 1302 2101; x_wconf 89' lang='lat' dir='ltr'>qui</span> <span class='ocrx_word' id='word_1_434' title='bbox 1328 2058 1542 2090; x_wconf 79' lang='lat' dir='ltr'>Observantes</span> <span class='ocrx_word' id='word_1_435' title='bbox 1568 2058 1733 2099; x_wconf 85' lang='lat' dir='ltr'>dicuntur,</span> 
     </span>
     <span class='ocr_line' id='line_1_86' title="bbox 994 2110 1735 2155; baseline 0 -11"><span class='ocrx_word' id='word_1_436' title='bbox 994 2112 1025 2144; x_wconf 90' lang='lat' dir='ltr'>in</span> <span class='ocrx_word' id='word_1_437' title='bbox 1051 2111 1201 2155; x_wconf 86' lang='lat' dir='ltr'>proprios</span> <span class='ocrx_word' id='word_1_438' title='bbox 1229 2110 1387 2143; x_wconf 84' lang='lat' dir='ltr'>tertiarios</span> <span class='ocrx_word' id='word_1_439' title='bbox 1412 2121 1428 2143; x_wconf 88' lang='lat' dir='ltr'>a</span> <span class='ocrx_word' id='word_1_440' title='bbox 1454 2110 1548 2142; x_wconf 82' lang='lat' dir='ltr'>nobis</span> <span class='ocrx_word' id='word_1_441' title='bbox 1572 2111 1735 2152; x_wconf 86' lang='lat' dir='ltr'>indultas,</span> 
     </span>
     <span class='ocr_line' id='line_1_87' title="bbox 993 2164 1736 2207; baseline 0.001 -11"><span class='ocrx_word' id='word_1_442' title='bbox 993 2165 1119 2207; x_wconf 85' lang='lat' dir='ltr'>pariter</span> <span class='ocrx_word' id='word_1_443' title='bbox 1151 2164 1370 2205; x_wconf 81' lang='lat' dir='ltr'>indulgemus,</span> <span class='ocrx_word' id='word_1_444' title='bbox 1397 2164 1593 2206; x_wconf 82' lang='lat' dir='ltr'>easdemque</span> <span class='ocrx_word' id='word_1_445' title='bbox 1629 2170 1736 2197; x_wconf 83' lang='lat' dir='ltr'>exten-</span> 
     </span>
     <span class='ocr_line' id='line_1_88' title="bbox 995 2214 1734 2255; baseline 0.001 -9"><span class='ocrx_word' id='word_1_446' title='bbox 995 2215 1099 2247; x_wconf 89' lang='lat' dir='ltr'>dimus</span> <span class='ocrx_word' id='word_1_447' title='bbox 1123 2215 1163 2247; x_wconf 87' lang='lat' dir='ltr'>ad</span> <span class='ocrx_word' id='word_1_448' title='bbox 1188 2214 1370 2246; x_wconf 80' lang='lat' dir='ltr'>minIstrum</span> <span class='ocrx_word' id='word_1_449' title='bbox 1390 2215 1576 2255; x_wconf 77' lang='lat' dir='ltr'>generalem</span> <span class='ocrx_word' id='word_1_450' title='bbox 1598 2215 1734 2248; x_wconf 88' lang='lat' dir='ltr'>fratrum</span> 
     </span>
     <span class='ocr_line' id='line_1_89' title="bbox 994 2265 1732 2308; baseline 0 -9"><span class='ocrx_word' id='word_1_451' title='bbox 994 2267 1167 2307; x_wconf 86' lang='lat' dir='ltr'>Minorum,</span> <span class='ocrx_word' id='word_1_452' title='bbox 1204 2265 1257 2308; x_wconf 89' lang='lat' dir='ltr'>qui</span> <span class='ocrx_word' id='word_1_453' title='bbox 1294 2266 1533 2298; x_wconf 83' lang='lat' dir='ltr'>Conventuales</span> <span class='ocrx_word' id='word_1_454' title='bbox 1570 2266 1732 2307; x_wconf 77' lang='lat' dir='ltr'>dicuntur,</span> 
     </span>
     <span class='ocr_line' id='line_1_90' title="bbox 994 2318 1735 2362; baseline 0 -10"><span class='ocrx_word' id='word_1_455' title='bbox 994 2330 1092 2362; x_wconf 92' lang='lat' dir='ltr'>super</span> <span class='ocrx_word' id='word_1_456' title='bbox 1118 2318 1279 2352; x_wconf 87' lang='lat' dir='ltr'>tertiarios</span> <span class='ocrx_word' id='word_1_457' title='bbox 1305 2318 1410 2351; x_wconf 85' lang='lat' dir='ltr'>eidem</span> <span class='ocrx_word' id='word_1_458' title='bbox 1436 2318 1547 2351; x_wconf 89' lang='lat' dir='ltr'>Ordini</span> <span class='ocrx_word' id='word_1_459' title='bbox 1580 2324 1610 2351; x_wconf 89' lang='lat' dir='ltr'>et</span> <span class='ocrx_word' id='word_1_460' title='bbox 1644 2320 1735 2352; x_wconf 90' lang='lat' dir='ltr'>mini-</span> 
     </span>
     <span class='ocr_line' id='line_1_91' title="bbox 994 2371 1734 2415; baseline 0.001 -11"><span class='ocrx_word' id='word_1_461' title='bbox 994 2377 1059 2404; x_wconf 87' lang='lat' dir='ltr'>stro</span> <span class='ocrx_word' id='word_1_462' title='bbox 1083 2371 1227 2414; x_wconf 85' lang='lat' dir='ltr'>generali</span> <span class='ocrx_word' id='word_1_463' title='bbox 1253 2371 1440 2411; x_wconf 75' lang='lat' dir='ltr'>subiectos,</span> <span class='ocrx_word' id='word_1_464' title='bbox 1477 2372 1624 2404; x_wconf 86' lang='lat' dir='ltr'>volentes</span> <span class='ocrx_word' id='word_1_465' title='bbox 1659 2383 1734 2415; x_wconf 88' lang='lat' dir='ltr'>pro-</span> 
     </span>
     <span class='ocr_line' id='line_1_92' title="bbox 994 2424 1734 2468; baseline 0 -12"><span class='ocrx_word' id='word_1_466' title='bbox 994 2429 1107 2468; x_wconf 88' lang='lat' dir='ltr'>pterea</span> <span class='ocrx_word' id='word_1_467' title='bbox 1132 2429 1164 2457; x_wconf 90' lang='lat' dir='ltr'>et</span> <span class='ocrx_word' id='word_1_468' title='bbox 1189 2429 1366 2456; x_wconf 81' lang='lat' dir='ltr'>statuentes</span> <span class='ocrx_word' id='word_1_469' title='bbox 1390 2429 1425 2456; x_wconf 89' lang='lat' dir='ltr'>ut</span> <span class='ocrx_word' id='word_1_470' title='bbox 1449 2424 1482 2456; x_wconf 89' lang='grc'>111</span> <span class='ocrx_word' id='word_1_471' title='bbox 1510 2425 1641 2457; x_wconf 88' lang='lat' dir='ltr'>tertiarii</span> <span class='ocrx_word' id='word_1_472' title='bbox 1661 2426 1734 2457; x_wconf 74' lang='lat' dir='ltr'>sub-</span> 
     </span>
     <span class='ocr_line' id='line_1_93' title="bbox 994 2476 1734 2519; baseline 0.001 -10"><span class='ocrx_word' id='word_1_473' title='bbox 994 2477 1057 2510; x_wconf 87' lang='lat' dir='ltr'>sint</span> <span class='ocrx_word' id='word_1_474' title='bbox 1094 2477 1150 2509; x_wconf 90' lang='lat' dir='ltr'>uni</span> <span class='ocrx_word' id='word_1_475' title='bbox 1175 2477 1282 2509; x_wconf 90' lang='lat' dir='ltr'>eidem</span> <span class='ocrx_word' id='word_1_476' title='bbox 1319 2476 1468 2509; x_wconf 90' lang='lat' dir='ltr'>ministro</span> <span class='ocrx_word' id='word_1_477' title='bbox 1501 2479 1647 2519; x_wconf 78' lang='lat' dir='ltr'>generali</span> <span class='ocrx_word' id='word_1_478' title='bbox 1673 2478 1734 2510; x_wconf 83' lang='lat' dir='ltr'>sra-</span> 
     </span>
     <span class='ocr_line' id='line_1_94' title="bbox 996 2529 1733 2573; baseline 0 -11"><span class='ocrx_word' id='word_1_479' title='bbox 996 2535 1078 2563; x_wconf 88' lang='lat' dir='ltr'>trum</span> <span class='ocrx_word' id='word_1_480' title='bbox 1105 2530 1261 2562; x_wconf 88' lang='lat' dir='ltr'>Minorum</span> <span class='ocrx_word' id='word_1_481' title='bbox 1295 2529 1581 2571; x_wconf 80' lang='lat' dir='ltr'>Conventualium3</span> <span class='ocrx_word' id='word_1_482' title='bbox 1608 2536 1733 2573; x_wconf 83' lang='lat' dir='ltr'>praete-</span> 
     </span>
     <span class='ocr_line' id='line_1_95' title="bbox 994 2582 1732 2627; baseline 0 -11"><span class='ocrx_word' id='word_1_483' title='bbox 994 2593 1050 2617; x_wconf 87' lang='lat' dir='ltr'>rea</span> <span class='ocrx_word' id='word_1_484' title='bbox 1079 2582 1227 2624; x_wconf 88' lang='lat' dir='ltr'>nemini,</span> <span class='ocrx_word' id='word_1_485' title='bbox 1252 2593 1357 2627; x_wconf 86' lang='lat' dir='ltr'>usque</span> <span class='ocrx_word' id='word_1_486' title='bbox 1383 2583 1422 2617; x_wconf 85' lang='lat' dir='ltr'>ad</span> <span class='ocrx_word' id='word_1_487' title='bbox 1448 2594 1547 2617; x_wconf 85' lang='lat' dir='ltr'>unum</span> <span class='ocrx_word' id='word_1_488' title='bbox 1580 2584 1732 2617; x_wconf 85' lang='lat' dir='ltr'>eumdem</span> 
     </span>
    </p>
   </div>
  </div>
 </body>
</html>
