2170 3147
171 206 221 233 Αη.
242 206 272 233 e.
292 207 358 234 uei
406 197 447 231 84

365 255 504 289 cessoris
530 255 693 289 concessis
712 260 742 289 et
763 254 948 288 reformatis
974 261 1005 288 et
1031 265 1109 298 quo-

365 308 549 341 modolibet
587 308 885 352 competentibus,
933 308 1108 351 ipsumque

366 361 543 394 Fabritium
569 362 770 395 cardinalem
796 361 828 394 in
855 362 1000 405 praefata
1024 361 1110 394 Urbe

365 415 501 458 eiusque
526 414 692 447 suburbiis
710 420 741 448 et
763 414 913 448 distrIctu
939 415 1108 455 vicarium,

365 467 398 499 in
431 467 617 510 praemissis
653 473 685 501 et
718 468 804 501 circa
836 467 1017 511 praemissa
1053 478 1109 500 seu

365 520 513 563 quolibet
536 520 682 564 ipsorum
704 526 947 564 competentem
966 520 1109 554 iudicem

366 580 398 605 et
416 579 659 616 exequutorem,
680 580 780 613 motu,
796 574 933 607 seientia
950 579 982 607 et
999 578 1110 607 aucto-

366 625 461 659 ritate
482 626 624 669 paribus,
645 626 877 666 declaraverit,
905 626 1112 660 constituerit

367 685 399 711 et
417 680 636 722 deputaverit3
655 685 700 719 et,
720 685 755 711 ut
772 680 912 712 officium
930 680 1110 723 praefatum

366 731 452 764 idem
478 732 640 765 Fabritius
666 732 840 765 cardinalis
874 732 992 765 melius
1017 737 1050 765 et
1074 731 1113 765 li-

366 783 476 816 berius
502 784 658 828 prosequi
683 786 817 824 valeret,
844 791 935 818 motu
960 785 1041 828 pari,
1059 784 1113 817 de-

367 848 431 879 que
456 837 590 870 scientia
629 843 660 870 et
698 838 867 881 potestatis
904 837 1112 880 plenitudine

366 890 549 931 similibus,
577 891 780 924 mandaverit
809 891 962 924 omnibus
989 896 1020 924 et
1045 891 1112 923 sin—

367 946 468 986 gulis,
506 946 546 978 ad
583 956 666 989 quos
704 951 842 989 spectat,
880 945 1111 988 cuiuscumque

368 1004 479 1038 status,
514 999 688 1042 dignitatis,
722 999 865 1038 ordinis,
902 998 1022 1041 gradus
1061 999 1112 1031 vel

368 1051 571 1085 conditionis
595 1053 790 1092 existerent,
808 1057 970 1095 quatenus
989 1051 1020 1084 in
1040 1062 1114 1084 exe-

369 1105 509 1148 quendis
536 1105 591 1146 iis,
612 1116 695 1149 quae
713 1105 752 1138 ad
773 1105 913 1139 officium
932 1105 1001 1138 eius
1023 1115 1113 1149 prae-

370 1158 468 1190 fatum
506 1164 537 1191 et
569 1159 829 1192 iurisdictionem
863 1158 1028 1201 pertinere
1055 1169 1113 1191 no-

368 1211 553 1250 scebantur,
574 1212 724 1244 omnibus
743 1211 956 1255 possibilibus
975 1211 1113 1252 auxiliis,

368 1264 514 1297 consiliis
540 1271 571 1297 et
609 1265 773 1297 favoribus
807 1265 1003 1308 opportunis
1036 1265 1114 1298 assi-

368 1323 507 1358 sterent,
536 1318 631 1361 eique
661 1318 784 1361 pariter
808 1317 983 1351 obedirent
1015 1323 1115 1361 prout

369 1370 428 1413 ipsi
460 1370 653 1404 Innocentio
679 1371 747 1404 XIII
772 1370 1031 1414 praedecessori,
1066 1371 1112 1404 di—

369 1429 487 1466 ctoque
513 1424 654 1457 Fabritio
680 1424 836 1458 cardinali
866 1424 993 1457 litteras
1019 1435 1114 1468 prae-

370 1479 449 1509 latas
477 1477 507 1508 in
530 1477 683 1510 omnibus
711 1483 741 1510 et
767 1488 827 1521 per
852 1478 961 1510 omnia
998 1476 1114 1510 suffra—

370 1529 437 1572 gari
465 1530 597 1570 debere,
616 1531 770 1574 illasque,
790 1536 821 1563 et
846 1531 877 1562 in
897 1531 942 1563 eis
961 1536 1114 1563 contenta

369 1594 607 1626 ‹pinet-umque,
625 1583 684 1616 sub
702 1584 868 1627 quibusvis
889 1583 1046 1616 similium
1065 1585 1113 1617 vel

370 1636 576 1669 dissimilium
604 1637 788 1670 facultatum
814 1643 846 1670 et
869 1636 1048 1679 gratiarum
1067 1647 1114 1670 re-

369 1690 606 1730 vocationibus,
625 1690 911 1733 suspensionibus,
929 1690 1115 1733 derogatio-

370 1743 476 1783 nibus,
496 1743 757 1783 limitationibus,
777 1749 831 1776 aut
851 1743 922 1776 aliis
942 1743 1114 1776 contrariis

371 1797 640 1840 dispositionibus
660 1798 844 1830 nullatenus
864 1797 1114 1840 comprehendi,

370 1861 430 1882 nec
454 1861 514 1893 per
539 1861 593 1883 eas
619 1850 794 1888 immutari,
827 1850 996 1893 suspendi,
1030 1849 1115 1882 limi-

372 1904 442 1943 tari,
469 1904 646 1944 moderari,
685 1908 738 1936 aut
771 1903 809 1936 ad
838 1903 996 1936 terminos
1034 1903 1113 1935 iuris

372 1958 484 1990 reduci
515 1968 628 2001 posse,
655 1957 712 1990 sed
744 1962 903 2001 perpetuo
936 1957 1057 1990 validas
1084 1962 1115 1989 et

372 2010 518 2044 «efficaces
544 2011 612 2044 fore
640 2016 671 2044 et
693 2021 776 2050 esse,
796 2016 838 2051 et,
859 2010 1018 2054 quidquid
1044 2010 1116 2043 illa-

373 2074 442 2096 rum
474 2064 586 2107 vigore
617 2076 634 2097 a
659 2065 746 2098 dicto
776 2064 920 2097 Fabritio
956 2063 1115 2097 cardinali

373 2124 510 2159 gestum,
547 2123 713 2159 statutum,
756 2118 886 2160 factum,
927 2119 1115 2152 mandatum

374 2173 536 2205 indultum
571 2178 602 2206 et
636 2177 834 2216 exequutum
861 2173 965 2213 foret,
999 2183 1117 2216 perpe-

375 2231 461 2258 tuam
487 2226 566 2259 iuris
593 2232 623 2259 et
648 2226 776 2260 roboris
797 2226 981 2259 firmitatem
1002 2226 1117 2259 retine-

374 2285 435 2319 ret,
463 2285 495 2312 et
519 2280 611 2312 nullo
635 2291 778 2323 unquam
806 2285 952 2323 tempore
979 2280 1017 2312 de
1043 2281 1117 2312 sub-

374 2332 533 2375 reptionis
559 2334 606 2366 rc]
634 2333 858 2376 obreptionis,
882 2339 936 2366 aut
961 2333 1117 2366 nullitatis

374 2385 462 2425 vitio,
481 2396 536 2418 seu
558 2386 749 2419 intentionis
764 2386 840 2419 dicti
854 2386 1036 2419 Innocenlii
1052 2385 1117 2418 XIII

375 2439 648 2481 praedecessoris,
668 2440 717 2472 vel
737 2440 889 2482 quopiam
910 2439 973 2472 alio
991 2439 1119 2472 defectu

374 2492 492 2531 notari,
518 2492 714 2534 impugnari,
737 2493 784 2524 vel
805 2492 842 2524 ad
863 2492 1020 2525 terminos
1039 2493 1118 2524 iuris

375 2545 496 2583 reduci,
531 2554 585 2577 seu
623 2544 653 2576 in
693 2544 740 2575 ius
775 2546 824 2576 rel
862 2545 1118 2577 controversiam

374 2597 534 2639 revocari,
562 2608 595 2630 ac
622 2607 733 2630 omnes
762 2602 793 2629 et
820 2597 966 2640 ¹<iugulos
993 2607 1118 2640 proces-

950 206 1134 230 nt'limnu'n
1161 206 1317 230 ROMANFM

1908 206 1957 231 Αη.
1973 206 2002 232 C.
2024 206 2092 234 1724

1153 265 1221 295 sus,
1249 255 1440 297 sententias,
1463 266 1544 299 quos
1563 260 1594 289 et
1614 266 1693 299 quas
1718 265 1778 299 per
1802 265 1897 299 quos-

1154 319 1294 352 cumque
1320 308 1443 342 iudices
1471 315 1502 343 et
1527 309 1681 343 officiales
1707 309 1739 342 in
1764 308 1898 352 praeiu-

1154 362 1273 395 dicium
1299 363 1473 396 attributae
1499 369 1530 396 et
1555 373 1730 396 concessae
1756 362 1816 395 sibi
1849 361 1898 394 iu-

1153 415 1354 449 risdictionis
1379 416 1545 459 praefatae
1571 415 1686 448 haberi
1706 421 1736 448 et
1752 415 1899 459 promul-

1154 469 1223 511 gari
1234 469 1435 513 contigisset,
1446 470 1550 503 nullas
1565 469 1753 512 nulliusque
1768 467 1898 501 roboris

1154 523 1204 555 vel
1241 523 1396 555 momenti
1427 522 1495 555 fore
1521 527 1552 555 et
1577 532 1662 562 esse,
1697 526 1730 555 et
1761 521 1805 554 ita
1840 532 1900 565 per

1155 585 1381 619 quoscumque
1407 575 1532 609 iudices
1558 574 1743 609 ordinarios
1767 575 1819 608 vel
1845 575 1900 608 de-

1155 630 1280 672 legatos
1295 630 1389 663 etiam
1407 639 1577 662 causarum
1598 628 1709 673 palatii
1728 628 1898 672 apostolici

1155 682 1320 716 auditores
1336 693 1371 715 ac
1390 682 1554 725 praefatae
1575 681 1691 715 S.R.E.
1705 680 1899 719 cardinales,

1156 735 1285 768 sublata
1297 735 1343 768 eis
1359 740 1391 768 et
1408 745 1522 768 eorum
1541 734 1674 768 cuilibet
1691 734 1900 778 qualibetali-

1156 794 1207 820 ter
1231 787 1395 821 iudicandi
1422 794 1452 820 et
1472 788 1711 831 interpretandi
1737 787 1899 826 facultate,

1156 840 1189 873 in
1215 841 1326 884 quavis
1351 843 1448 874 causa
1473 846 1504 875 et
1529 841 1684 874 instantia
1710 840 1846 874 iudicari
1868 845 1901 873 et

1157 893 1286 927 definiri
1312 894 1452 935 debere,
1480 900 1529 935 et,
1550 895 1575 928 si
1601 905 1696 928 secus
1720 904 1822 938 super
1847 893 1900 926 his

1156 958 1174 979 a
1198 957 1373 991 quoquam,
1400 947 1512 991 quavis
1537 947 1740 988 auctoritate,
1759 946 1902 980 scienter

1156 1001 1206 1033 vel
1233 1000 1432 1044 ignoranter,
1459 1000 1634 1044 contigerit
1659 1000 1820 1040 attentari,
1859 999 1903 1032 ir-

1156 1054 1252 1086 ritum
1279 1059 1312 1087 et
1335 1054 1433 1087 inane
1459 1053 1545 1087 dicta
1569 1053 1763 1087 auctoritate
1789 1052 1903 1086 volue-

1157 1106 1207 1147 rit,
1224 1107 1408 1140 decreverit
1421 1112 1452 1140 et
1467 1107 1633 1140 statuerit:
1648 1116 1685 1139 ac
1702 1105 1791 1146 alias,
1804 1110 1902 1149 prout

1158 1160 1190 1192 in
1214 1161 1388 1193 memorati
1414 1159 1598 1193 innocentii
1617 1159 1685 1192 XIII
1710 1158 1903 1203 praedeces-

1157 1213 1251 1253 soris,
1278 1214 1337 1246 sub
1364 1214 1472 1246 datum
1493 1213 1647 1246 videlicet
1662 1222 1719 1246 xm
1744 1212 1902 1245 kalendas

1157 1266 1308 1307 octobris,
1334 1266 1543 1310 pontificatus
1570 1265 1619 1298 sui
1645 1275 1731 1298 anno
1749 1275 1785 1306 11,
1805 1275 1902 1308 expe-

1158 1319 1232 1353 ditis
1258 1319 1375 1353 litteris
1401 1320 1530 1363 plenius
1548 1319 1752 1353 continetur:

1201 1373 1216 1417 ξ
1242 1373 1272 1406 9..
1300 1373 1456 1416 Cumque,
1480 1373 1562 1406 sieut
1587 1372 1682 1406 etiam
1708 1371 1900 1416 accepimus,
1939 1379 2097 1401 Referturcn·

1877 1424 1883 1430 ,
1913 1407 1988 1427 ini-ntis
2009 1406 2028 1427 X
2048 1412 2097 1427 cun-

1158 1425 1253 1459 etiam
1279 1424 1357 1460 alias
1387 1426 1491 1459 felicis
1516 1426 1642 1470 pariter
1665 1425 1901 1459 recordationis
1912 1434 2038 1481 {ttjgssggnm
2051 1438 2096 1480 31?-

1157 1479 1307 1512 Clemens
1325 1479 1410 1523 Papa
1426 1479 1462 1518 X,
1481 1479 1578 1512 etiarn
1595 1479 1831 1522 praedecessor
1847 1488 1904 1511 no·
1913 1486 2096 1538 gliffiilmgffaggq

1157 1538 1240 1572 ster,
1266 1533 1373 1566 bonae
1399 1533 1576 1566 memoriae
1602 1532 1796 1576 Gasparem,
1827 1531 2096 1587 d¹²¹¹¹l51³s¹³0⁵al¹31⁵⁰n¹lssfi

1158 1585 1288 1625 viveret,
1316 1585 1463 1618 eiusdem
1489 1585 1520 1618 S.
1548 1586 1585 1618 R.
1613 1585 1648 1618 E.
1677 1585 1901 1628 presbyterum
1913 1592 2096 1639 ³.‘-¹³5⁰“¹¹¹⁰1{‘g³'·³:

1159 1638 1356 1672 cardinalem
1374 1639 1413 1672 de
1435 1638 1593 1681 Carpineo
1619 1642 1852 1681 nuncupatum,
1870 1637 1903 1670 in
1914 1624 2087 1668 iffssmduriaefn‘

1158 1702 1250 1724 suum
1283 1697 1315 1725 et
1345 1692 1451 1725 dictae
1478 1691 1572 1724 Urbis
1601 1691 1835 1724 suburbiorum
1867 1701 1904 1734 ac

1159 1745 1325 1778 districtus
1343 1745 1569 1789 praefatorum
1591 1744 1756 1785 vicarium,
1773 1753 1905 1777 necnon

1159 1799 1324 1832 Romanae
1364 1798 1476 1831 Curiae
1519 1798 1661 1831 iudicem
1702 1797 1905 1830 ordinarium

1159 1852 1197 1884 ad
1223 1851 1468 1884 universitatem
1506 1850 1651 1884 omnium
1683 1855 1714 1884 et
1747 1860 1904 1893 quarum-

1159 1915 1298 1948 cumque
1324 1914 1497 1937 causarum
1524 1903 1666 1936 cuiusvis
1692 1903 1858 1947 qualitatis
1875 1908 1908 1936 et

1159 1957 1278 2001 speciei
1299 1958 1410 2000 (etiam
1435 1957 1460 1989 si
1487 1962 1597 1990 essent
1618 1967 1706 1990 mere
1724 1956 1855 1990 laicales
1875 1961 1908 1989 et

1159 2011 1323 2054 profanae,
1350 2016 1382 2043 et
1399 2010 1486 2043 inter
1503 2020 1593 2042 mere
1610 2010 1722 2049 laicos,
1747 2010 1785 2043 ad
1804 2009 1908 2043 instar

1160 2064 1298 2098 aliorum
1324 2064 1487 2096 Romanae
1514 2062 1628 2096 Curiae
1652 2062 1798 2095 iudicum
1818 2061 1907 2096 ordi-

1160 2117 1339 2158 nariorum,
1358 2116 1437 2149 itaut
1463 2116 1548 2149 inter
1573 2127 1646 2149 eum
1665 2121 1697 2149 et
1716 2116 1792 2150 illos
1816 2116 1907 2149 nulla

1161 2170 1336 2203 concidere
1351 2174 1461 2214 posset
1476 2168 1673 2209 differentia,
1690 2169 1817 2202 etiamsi
1831 2179 1908 2212 age-

1161 2229 1251 2257 retur
1268 2223 1300 2256 in
1319 2224 1420 2266 gradu
1440 2233 1591 2256 recursus
1611 2233 1628 2254 a
1646 2221 1818 2255 sententiIS
1838 2227 1908 2255 tan-

1161 2282 1228 2309 tum
1255 2277 1399 2310 iudicum
1416 2276 1510 2309 Urbis
1526 2280 1558 2309 et
1579 2275 1754 2316 districtus,
1770 2280 1802 2308 et
1820 2275 1908 2308 inter

1161 2341 1387 2374 quascumque
1413 2339 1572 2373 personas
1594 2335 1758 2372 exemptas
1783 2334 1815 2361 et
1834 2339 1908 2372 spe-

1161 2384 1236 2417 ciali
1262 2386 1336 2417 nota
1372 2384 1512 2426 dignas,
1545 2388 1577 2416 et
1611 2393 1693 2426 quae
1730 2382 1906 2425 specialem

1162 2437 1363 2470 mentionem
1403 2436 1634 2479 requirerent)
1672 2434 1905 2478 assumpserit,

1162 2489 1366 2523 constituerit
1383 2493 1412 2523 et
1427 2488 1646 2533 deputaverim
1661 2498 1697 2521 ac
1711 2488 1799 2528 alias,
1810 2492 1908 2532 prout

1163 2543 1194 2575 in
1221 2543 1293 2575 aliis
1327 2543 1477 2575 ciusdem
1510 2541 1686 2575 Clementis
1717 2541 1741 2574 X
1767 2541 1907 2584 praede-

1163 2596 1300 2629 cessoris
1326 2596 1383 2628 sul)
1411 2595 1521 2629 datum
1542 2595 1671 2637 Romae,
1691 2594 1776 2638 apud
1794 2594 1825 2629 S.
1846 2593 1908 2627 Ma-
