2170 3147
3 250 52 277 Αιι.
68 247 98 275 C.
119 245 186 273 ¹727

86 1421 192 1442 Statutum

13 1448 149 1477 praedictum,

776 240 970 266 BENEDICTUS
996 240 1053 264 xm
1078 240 1127 264 PP-

194 293 386 336 gubernium
421 292 525 325 dictae
561 291 746 335 provinciae
776 290 929 332 illiusque

195 346 352 388 religiosa
377 345 598 388 tranquillitas
623 343 874 387 perturbentur,
896 352 931 373 ac

195 399 299 432 cultus
327 398 456 437 divinus
482 398 559 429 inibi
587 396 792 433 diminuatur,
809 395 930 427 eisdem

195 451 306 494 gratiis
333 455 364 483 et
390 450 651 493 exemptionibus
678 448 799 481 aditum
826 447 857 478 in
879 457 932 488 po-

196 511 317 538 sterum
344 504 526 548 praecludi,
552 513 588 536 ac
613 503 764 545 insuper,
793 511 832 533 ne
858 498 933 531 reli-

196 558 294 601 giosis
318 558 461 591 eiusdem
480 555 676 600 provinciae,
694 554 747 597 qui
770 554 835 586 suis
854 552 933 585 litte-

197 621 307 644 rarum
332 611 449 650 studiis
468 610 553 643 illius
568 609 664 642 decus
678 614 709 641 et
726 606 931 649 splendorem

197 670 326 707 augent,
353 664 515 706 condigna
540 662 684 695 laborum
703 670 833 694 suorum
851 669 934 691 mcr-

198 728 252 751 ces
281 718 320 750 ab
353 717 447 754 aliis,
481 716 534 760 qui
572 715 690 749 debitis
727 712 934 757 qualitatibus

199 770 343 803 destituti
359 769 487 809 fuerint,
506 768 735 812 praeripiatur,
749 764 934 808 magisteria

198 823 230 855 in
257 825 347 855 sacra
372 822 541 864 theologia
567 821 720 863 deinceps
744 829 810 852 non
843 818 936 851 aliter

199 886 293 919 quam
325 876 364 908 ad
396 875 630 919 praescriptum
668 872 935 906 constitutionum

199 928 342 961 eiusdem
366 928 495 961 Ordinis
529 927 721 960 auctoritate
759 925 937 969 apostolica

200 982 474 1020 confirmatarum,
495 986 525 1014 et
550 978 781 1014 alternativae¹
808 989 866 1021 pro
887 988 938 1010 ae-

201 1035 290 1078 quali
317 1034 402 1067 inter
426 1035 504 1067 duas
523 1033 696 1066 filiationes
714 1033 745 1064 in
765 1032 848 1064 dicta
866 1041 940 1073 pro-

200 1087 306 1120 vincia
331 1087 489 1119 stabilitas
514 1086 688 1130 partitione
713 1084 850 1127 vigentis
877 1083 941 1115 dis-

202 1139 297 1172 tribui
323 1139 499 1183 plurimum
525 1139 720 1172 desiderant.
739 1137 838 1169 Nobis
864 1146 940 1179 pro-

201 1198 312 1237 pterea
337 1192 505 1225 humiliter
529 1191 706 1234 supplicari
734 1190 883 1223 fecerunt
908 1195 942 1221 ut

202 1245 262 1279 sibi
289 1246 320 1278 in
346 1245 537 1289 praemissis
562 1248 744 1287 opportune
769 1243 941 1286 providere

203 1305 235 1333 et
248 1304 284 1331 ut
300 1299 383 1331 infra
397 1299 569 1340 indulgere
588 1297 627 1330 de
645 1296 846 1339 benignitate
865 1306 943 1338 apo—

203 1353 318 1386 stolica
344 1352 564 1394 dignaremur.

248 1406 262 1449 ἓ
286 1404 317 1438 2.
340 1405 404 1438 Nos
429 1404 541 1447 igitur,
569 1404 756 1437 eorumdem
783 1411 945 1445 exponen-

206 1458 283 1492 tium
308 1458 390 1491 votis
415 1457 475 1490 hac
501 1458 533 1490 in
558 1467 603 1497 re,
623 1462 776 1499 quantum
795 1465 866 1487 cum
885 1454 944 1486 Do-

204 1511 293 1546 mino
326 1521 522 1554 possumus,
550 1509 767 1542 favorabiliter
801 1516 944 1541 annuere

205 1566 362 1603 volentes,
380 1574 557 1607 eorumque
582 1564 762 1605 singulares
787 1570 944 1605 personas

206 1629 224 1651 a
248 1618 411 1661 quibusvis
437 1615 788 1654 excommunicationis,
814 1623 946 1657 suspeu-

207 1671 307 1705 sionis
338 1677 369 1703 et
398 1670 560 1704 interdicti
585 1697 591 1709 ,
626 1669 761 1712 aliisque
796 1667 947 1700 ecclesia-

208 1724 295 1757 sticis
321 1723 513 1763 sententiis,
546 1723 692 1755 censuris
718 1728 750 1754 et
774 1720 904 1764 poenis,
930 1730 946 1751 a

209 1777 278 1810 iure
301 1778 352 1810 vel
378 1777 416 1809 ab
442 1776 600 1814 homine,
635 1775 746 1818 quavis
777 1773 945 1807 occasione

209 1831 260 1863 vel
286 1831 381 1863 causa
406 1830 489 1869 latiS,
516 1829 539 1861 si
567 1829 681 1872 quibus
700 1826 948 1871 quomodolibet

211 1883 384 1916 innodatae
409 1882 570 1921 existunt,
597 1881 635 1914 ad
673 1881 819 1914 ell'ectum
856 1889 950 1923 prac-

212 1935 350 1968 sentium
382 1935 548 1967 dumtaxat
577 1933 865 1977 consequendum,
893 1933 949 1964 lia-

213 1997 284 2020 rum
302 1987 384 2020 serie
412 1987 614 2019 absolventes
639 1991 671 2019 et
694 1986 858 2018 absolutas
881 1985 948 2017 sore

215 2045 386 2073 censentes
403 2066 410 2079 ,
437 2039 622 2071 huiusmodi
657 2037 949 2082 supplicationibus

216 2092 384 2132 inclinati,
417 2092 502 2135 quod
539 2092 578 2124 de
614 2096 721 2124 cetero
761 2091 849 2123 nulla
885 2090 949 2133 pri-

217 2145 354 2187 vilegia,
382 2144 605 2187 exemptiones
643 2149 674 2176 et
709 2144 951 2186 praerogativae

219 2198 429 2242 eit-priorum,
449 2197 695 2240 provincialium
709 2223 716 2235 ,
735 2201 953 2239 praesentato-

217 2261 301 2290 rum,
324 2249 594 2293 praedicatorum,
611 2249 660 2281 vel
683 2248 952 2281 ex-assistensium

219 2302 443 2346 generalium,
484 2312 519 2334 ac
559 2301 652 2334 etiam
694 2301 954 2343 dispensationes

219 2365 318 2399 super
342 2360 489 2398 tempore
514 2355 656 2387 lecturae
681 2363 741 2396 pro
777 2353 954 2386 obtinenda

219 2408 412 2442 iubilatione
437 2412 552 2440 contra
577 2411 610 2439 et
632 2412 763 2449 praeter
793 2405 955 2448 regularia

221 2461 409 2495 eorumdem
433 2459 562 2493 Ordinis
587 2463 619 2492 et
642 2458 827 2501 provinciae
860 2458 952 2491 insti-

220 2520 287 2547 tuta
311 2512 478 2557 quibusvis
504 2512 609 2545 dictae
635 2511 820 2555 provinciae
854 2510 956 2543 fratri-

974 294 1088 322 tenore
1113 287 1348 331 praesentium,
1374 285 1543 319 statuimus
1569 288 1599 316 et
1625 282 1711 316 ordi-

974 352 1099 382 namus,
1126 341 1247 383 illaque
1274 346 1304 373 et
1330 340 1400 373 illas
1418 348 1476 382 per
1493 338 1627 370 eosdem
1651 336 1711 368 sra-

977 401 1040 427 tres
1080 394 1175 426 etiam
1215 404 1232 426 a
1271 393 1416 425 Romano
1455 390 1610 424 pontifice
1651 397 1710 431 pro

976 452 1122 489 tempore
1148 446 1305 478 existente
1330 455 1387 478 seu
1405 445 1443 478 de
1461 443 1544 477 Sede
1569 441 1712 485 praefata

976 499 1061 542 peti,
1088 498 1251 542 procurari
1279 504 1310 531 et
1334 496 1497 537 obtineri,
1524 495 1584 528 sub
1609 495 1714 538 priva-

977 551 1072 584 tionis
1098 552 1184 584 vocis
1208 551 1328 584 activae
1348 555 1380 583 et
1400 549 1556 592 passivae,
1575 553 1637 580 tam
1656 556 1715 589 per

978 615 1034 637 cos
1061 615 1155 647 quam
1182 614 1241 646 per
1266 604 1346 636 alios
1380 603 1492 635 fratres
1527 611 1582 635 seu
1619 609 1716 642 supe-

977 658 1081 690 riores
1107 658 1210 690 dictae
1243 657 1456 701 provinciae,
1490 655 1542 698 qui
1577 653 1715 687 testimo-

978 710 1065 743 nium
1091 711 1129 743 ad
1156 710 1212 743 itta
1237 715 1267 743 et
1292 710 1363 744 illas
1388 709 1576 752 petendum,
1601 716 1717 750 procu-

978 764 1113 797 randum
1139 769 1170 796 et
1194 763 1437 807 impetrandum
1453 762 1671 794 concederent
1686 764 1717 792 et

980 818 1188 857 relaxarent,
1215 816 1285 859 ipso
1311 817 1393 849 sacto
1419 815 1540 858 absque
1567 814 1627 846 atta
1663 812 1717 845 de-

980 871 1159 904 claratione
1185 869 1381 902 incurrendz’i
1413 871 1535 912 poena,
1562 865 1720 910 probibe-

981 935 1075 964 mus,
1102 924 1134 956 in
1159 923 1354 965 magisteriis
1377 932 1454 954 vero
1480 930 1590 953 sacrae
1627 919 1720 951 tlieo—

981 977 1086 1019 logiae
1112 977 1143 1009 in
1170 977 1254 1009 dicta
1277 975 1446 1019 provincia
1471 972 1718 1011 distribuendis,

981 1032 1067 1065 illius
1093 1031 1225 1064 fratrum
1249 1029 1364 1063 merita
1390 1034 1423 1061 et
1446 1028 1574 1060 labores
1592 1035 1722 1068 semper

983 1089 1014 1118 et
1051 1084 1202 1127 rigorose
1240 1082 1390 1122 attendi,
1429 1091 1465 1114 ac
1501 1080 1720 1123 praefatorum

982 1138 1111 1171 Ordinis
1148 1142 1180 1170 et
1214 1135 1403 1180 provinciae
1444 1133 1719 1171 constitutiones,

984 1202 1113 1225 necnon
1140 1195 1321 1224 enarratam
1347 1189 1432 1221 inter
1453 1188 1531 1220 duas
1550 1186 1723 1219 filiationes

985 1244 1170 1278 huiusmodi
1197 1243 1421 1276 alternativam
1447 1240 1576 1279 servari,
1611 1237 1722 1272 eadem

984 1298 1194 1338 auctoritate,
1226 1297 1340 1329 harum
1373 1295 1476 1333 serie,
1504 1291 1723 1337 praecipimus

987 1357 1019 1385 et
1044 1350 1247 1384 mandamus.

1031 1404 1100 1447 §3-
1130 1404 1380 1443 Decernentes,
1414 1402 1500 1445 ipsas
1532 1404 1724 1444 praesentes

987 1459 1112 1492 litteras
1139 1468 1273 1501 semper
1296 1456 1423 1495 firmas,
1450 1461 1510 1488 etc.
1526 1454 1547 1487 ¹.

1034 1513 1048 1555 ξ
1065 1512 1094 1545 li.
1113 1511 1183 1545 Non
1201 1509 1419 1549 obstantibus,
1440 1506 1728 1542 constitutionibus

989 1572 1019 1599 et
1058 1563 1318 1599 ordinationibus
1361 1560 1565 1606 apostolicis,
1601 1570 1728 1593 necnon

989 1619 1210 1663 praefatorum
1232 1616 1361 1650 Ordinis
1381 1621 1412 1649 et
1429 1613 1625 1658 provinciae,
1645 1612 1729 1645 aliis-

989 1683 1024 1705 ve
1050 1671 1236 1715 quibusvis,
1265 1669 1360 1703 etiam
1403 1668 1604 1705 iuramento,
1632 1671 1691 1698 etc.
1708 1664 1728 1698 ².

1033 1726 1145 1759 Datum
1170 1725 1302 1763 Romae,
1327 1722 1412 1766 apud
1438 1721 1470 1754 S.
1497 1721 1646 1759 Petrum,
1670 1718 1730 1751 sub

990 1781 1110 1813 annulo
1124 1777 1310 1816 piscatoris,
1323 1776 1375 1808 die
1393 1773 1534 1809 xiviunii
1546 1782 1731 1811 niuccxxvn,

990 1831 1200 1875 pontificatus
1225 1829 1328 1862 nostri
1355 1837 1440 1860 anno
1465 1837 1508 1860 iv.

1027 1894 1087 1920 Dat.
1109 1892 1151 1918 die
1173 1892 1204 1918 it
1224 1891 1291 1918 iunii
1314 1890 1391 1924 1727,
1413 1888 1508 1924 pontif.
1530 1895 1601 1914 anno
1622 1894 1658 1913 1v.

1283 2015 1438 2049 CLXXIX.

994 2091 1196 2124 Jmmiuatm·
1226 2088 1340 2130 aliqua
1365 2087 1399 2118 in
1421 2089 1516 2128 parte
1546 2084 1732 2117 constitutio

1038 2142 1199 2187 quaedam
1225 2141 1321 2173 huius
1345 2138 1516 2180 Pontificis
1538 2136 1644 2180 quoad
1668 2136 1734 2179 suf-

1038 2196 1184 2238 fraqium
1209 2193 1355 2226 ministri
1378 2190 1603 2235 provincialis,
1631 2193 1734 2222 custo-

1039 2249 1089 2280 dis
1113 2252 1141 2281 el
1167 2246 1377 2288 desinilorum
1408 2244 1543 2278 Ordinis
1567 2243 1732 2276 Minorum

1039 2311 1097 2343 pro
1121 2299 1252 2342 familis?
1272 2296 1516 2330 ullmmonlami
1533 2294 1553 2327 ¹.

1032 2406 1045 2431 t
1070 2405 1100 2431 Ut
1120 2412 1202 2440 supra
1221 2411 1283 2439 pag.
1305 2403 1353 2430 471
1376 2411 1393 2429 α
1412 2403 1450 2436 (R.
1464 2403 1512 2434 τ.).

1033 2448 1049 2474 2
1070 2448 1101 2475 Ut
1120 2456 1204 2482 supra
1224 2455 1283 2483 pag.
1306 2447 1353 2473 471
1377 2454 1395 2472 a
1413 2447 1512 2479 (nau).

1033 2493 1049 2519 3
1069 2491 1212 2518 Clementis
1230 2491 1276 2517 xtt
1304 2490 1411 2517 constit.
1432 2489 1497 2516 edit.
1525 2496 1665 2521 unccxxx,
1693 2490 1735 2516 die

1000 2537 1031 2563 14
1050 2535 1185 2568 octobris,
1207 2534 1301 2570 pontif.
1323 2541 1351 2569 1,
1372 2533 1548 2561 moderantur
1567 2533 1634 2560 aliae
1654 2533 1736 2560 huius

221 2568 281 2601 bus
306 2566 537 2606 concedantur»
555 2564 748 2598 auctoritate
766 2563 954 2607 aPOStOIiffl»
999 2579 1135 2607 Pontificis
1163 2579 1370 2607 constitutiones
1396 2586 1444 2613 pro
1478 2578 1572 2605 iisdem
1606 2577 1735 2604 fratribus

259 2631 270 2656 1
293 2628 364 2657 Edit.
385 2628 468 2656 Main.
488 2626 553 2663 legit
572 2626 745 2656 alternatim
764 2626 799 2661 (n.
819 2625 865 2660 r.).

999 2623 1095 2654 editae.

1605 225 1668 259 555
1715 233 1764 259 An.
1784 232 1812 259 c.
1835 232 1903 259 1727

1763 1402 1884 1423 (tiam-ztan.

1809 1506 1922 1532 Deroffetiu

1739 1534 1901 1556 contrariorum.
