<?xml version="1.0" encoding="UTF-8"?>
<!DOCTYPE html PUBLIC "-//W3C//DTD XHTML 1.0 Transitional//EN"
    "http://www.w3.org/TR/xhtml1/DTD/xhtml1-transitional.dtd">
<html xmlns="http://www.w3.org/1999/xhtml" xml:lang="en" lang="en">
 <head>
  <title>
</title>
<meta http-equiv="Content-Type" content="text/html;charset=utf-8" />
  <meta name='ocr-system' content='tesseract 3.04.00' />
  <meta name='ocr-capabilities' content='ocr_page ocr_carea ocr_par ocr_line ocrx_word'/>
</head>
<body>
  <div class='ocr_page' id='page_1' title='image "./bullarumdiplomat22cath_0366.png"; bbox 0 0 2170 3147; ppageno 0'>
   <div class='ocr_carea' id='block_1_1' title="bbox 248 209 547 247">
    <p class='ocr_par' dir='ltr' id='par_1_1' title="bbox 248 209 547 247">
     <span class='ocr_line' id='line_1_1' title="bbox 248 209 547 247; baseline -0.013 -2"><span class='ocrx_word' id='word_1_1' title='bbox 248 220 299 246; x_wconf 65' lang='grc' dir='ltr'><strong>Α...</strong></span> <span class='ocrx_word' id='word_1_2' title='bbox 320 219 350 247; x_wconf 89' lang='lat' dir='ltr'>c.</span> <span class='ocrx_word' id='word_1_3' title='bbox 367 218 437 246; x_wconf 76' lang='lat'>1725</span> <span class='ocrx_word' id='word_1_4' title='bbox 483 209 547 243; x_wconf 68' lang='lat' dir='ltr'>5³³2ss</span> 
     </span>
    </p>
   </div>
   <div class='ocr_carea' id='block_1_2' title="bbox 259 2291 443 2396">
    <p class='ocr_par' dir='ltr' id='par_1_2' title="bbox 259 2291 443 2396">
     <span class='ocr_line' id='line_1_2' title="bbox 285 2291 440 2312; baseline -0.006 0"><span class='ocrx_word' id='word_1_5' title='bbox 285 2292 343 2312; x_wconf 59' lang='lat' dir='ltr'>nana</span> <span class='ocrx_word' id='word_1_6' title='bbox 361 2294 380 2311; x_wconf 71' lang='lat' dir='ltr'>ct</span> <span class='ocrx_word' id='word_1_7' title='bbox 396 2291 440 2311; x_wconf 69' lang='lat' dir='ltr'>iura</span> 
     </span>
     <span class='ocr_line' id='line_1_3' title="bbox 260 2318 350 2343; baseline -0.011 -5"><span class='ocrx_word' id='word_1_8' title='bbox 260 2318 350 2343; x_wconf 55' lang='lat' dir='ltr'>praefati</span> 
     </span>
     <span class='ocr_line' id='line_1_4' title="bbox 259 2345 442 2365; baseline -0.016 0"><span class='ocrx_word' id='word_1_9' title='bbox 259 2345 353 2365; x_wconf 71' lang='lat' dir='ltr'>nasteriii</span> <span class='ocrx_word' id='word_1_10' title='bbox 364 2350 382 2363; x_wconf 77' lang='lat' dir='ltr'>tn</span> <span class='ocrx_word' id='word_1_11' title='bbox 391 2347 442 2363; x_wconf 62' lang='lat' dir='ltr'>intv-</span> 
     </span>
     <span class='ocr_line' id='line_1_5' title="bbox 260 2370 443 2396; baseline 0 -6"><span class='ocrx_word' id='word_1_12' title='bbox 260 2377 318 2396; x_wconf 81' lang='lat' dir='ltr'>grnm</span> <span class='ocrx_word' id='word_1_13' title='bbox 330 2370 443 2391; x_wconf 79' lang='lat' dir='ltr'>restituun-</span> 
     </span>
    </p>
   </div>
   <div class='ocr_carea' id='block_1_3' title="bbox 401 266 1197 2536">
    <p class='ocr_par' dir='ltr' id='par_1_3' title="bbox 401 266 1197 2264">
     <span class='ocr_line' id='line_1_6' title="bbox 444 266 1187 310; baseline 0.003 -12"><span class='ocrx_word' id='word_1_14' title='bbox 444 278 686 310; x_wconf 84' lang='lat' dir='ltr'>qnaeeumque‚</span> <span class='ocrx_word' id='word_1_15' title='bbox 712 268 807 300; x_wconf 85' lang='lat' dir='ltr'>etiam</span> <span class='ocrx_word' id='word_1_16' title='bbox 835 266 1020 309; x_wconf 79' lang='lat' dir='ltr'>specificam</span> <span class='ocrx_word' id='word_1_17' title='bbox 1048 274 1078 299; x_wconf 90' lang='lat' dir='ltr'>et</span> <span class='ocrx_word' id='word_1_18' title='bbox 1103 268 1187 300; x_wconf 84' lang='lat' dir='ltr'>indi-</span> 
     </span>
     <span class='ocr_line' id='line_1_7' title="bbox 443 320 1188 362; baseline 0.001 -11"><span class='ocrx_word' id='word_1_19' title='bbox 443 320 570 352; x_wconf 84' lang='lat' dir='ltr'>viduam</span> <span class='ocrx_word' id='word_1_20' title='bbox 597 320 797 352; x_wconf 72' lang='lat' dir='ltr'>mentionem</span> <span class='ocrx_word' id='word_1_21' title='bbox 825 325 855 351; x_wconf 88' lang='lat' dir='ltr'>et</span> <span class='ocrx_word' id='word_1_22' title='bbox 874 320 1119 362; x_wconf 68' lang='lat' dir='ltr'>expressionem</span> <span class='ocrx_word' id='word_1_23' title='bbox 1138 330 1188 353; x_wconf 89' lang='lat' dir='ltr'>re-</span> 
     </span>
     <span class='ocr_line' id='line_1_8' title="bbox 444 372 1189 415; baseline 0.004 -13"><span class='ocrx_word' id='word_1_24' title='bbox 444 372 629 415; x_wconf 85' lang='lat' dir='ltr'>quirentia,</span> <span class='ocrx_word' id='word_1_25' title='bbox 668 372 895 414; x_wconf 85' lang='lat' dir='ltr'>praesentibus</span> <span class='ocrx_word' id='word_1_26' title='bbox 932 382 991 415; x_wconf 88' lang='lat' dir='ltr'>pro</span> <span class='ocrx_word' id='word_1_27' title='bbox 1027 373 1123 415; x_wconf 82' lang='lat' dir='ltr'>plene</span> <span class='ocrx_word' id='word_1_28' title='bbox 1158 377 1189 405; x_wconf 87' lang='lat' dir='ltr'>et</span> 
     </span>
     <span class='ocr_line' id='line_1_9' title="bbox 445 424 1189 468; baseline 0 -11"><span class='ocrx_word' id='word_1_29' title='bbox 445 425 647 457; x_wconf 74' lang='lat' dir='ltr'>sufficienter</span> <span class='ocrx_word' id='word_1_30' title='bbox 683 424 843 467; x_wconf 78' lang='lat' dir='ltr'>expressis</span> <span class='ocrx_word' id='word_1_31' title='bbox 869 430 899 457; x_wconf 92' lang='lat' dir='ltr'>et</span> <span class='ocrx_word' id='word_1_32' title='bbox 924 430 1036 457; x_wconf 82' lang='lat' dir='ltr'>exacte</span> <span class='ocrx_word' id='word_1_33' title='bbox 1063 424 1189 468; x_wconf 82' lang='lat' dir='ltr'>specifi-</span> 
     </span>
     <span class='ocr_line' id='line_1_10' title="bbox 401 477 1187 520; baseline 0 -10"><span class='ocrx_word' id='word_1_34' title='bbox 401 479 405 483; x_wconf 82' lang='lat'>&#39;</span> <span class='ocrx_word' id='word_1_35' title='bbox 446 477 523 510; x_wconf 85' lang='lat' dir='ltr'>catis</span> <span class='ocrx_word' id='word_1_36' title='bbox 559 477 741 518; x_wconf 72' lang='lat' dir='ltr'>habentes,</span> <span class='ocrx_word' id='word_1_37' title='bbox 768 482 855 509; x_wconf 83' lang='lat' dir='ltr'>motu</span> <span class='ocrx_word' id='word_1_38' title='bbox 883 477 1041 520; x_wconf 88' lang='lat' dir='ltr'>proprio,</span> <span class='ocrx_word' id='word_1_39' title='bbox 1079 488 1115 510; x_wconf 88' lang='lat' dir='ltr'>ac</span> <span class='ocrx_word' id='word_1_40' title='bbox 1151 488 1187 510; x_wconf 84' lang='lat' dir='ltr'>ex</span> 
     </span>
     <span class='ocr_line' id='line_1_11' title="bbox 445 530 1188 563; baseline 0 -1"><span class='ocrx_word' id='word_1_41' title='bbox 445 532 532 562; x_wconf 75' lang='lat' dir='ltr'>certa</span> <span class='ocrx_word' id='word_1_42' title='bbox 558 530 694 563; x_wconf 78' lang='lat' dir='ltr'>scientia</span> <span class='ocrx_word' id='word_1_43' title='bbox 727 541 763 562; x_wconf 89' lang='lat' dir='ltr'>ac</span> <span class='ocrx_word' id='word_1_44' title='bbox 794 531 920 562; x_wconf 71' lang='lat' dir='ltr'>matura</span> <span class='ocrx_word' id='word_1_45' title='bbox 947 530 1188 563; x_wconf 77' lang='lat' dir='ltr'>deliberatione</span> 
     </span>
     <span class='ocr_line' id='line_1_12' title="bbox 445 583 1188 627; baseline 0.001 -12"><span class='ocrx_word' id='word_1_46' title='bbox 445 583 573 622; x_wconf 89' lang='lat' dir='ltr'>nostris,</span> <span class='ocrx_word' id='word_1_47' title='bbox 593 583 695 626; x_wconf 84' lang='lat' dir='ltr'>deque</span> <span class='ocrx_word' id='word_1_48' title='bbox 713 583 914 626; x_wconf 83' lang='lat' dir='ltr'>apostolicae</span> <span class='ocrx_word' id='word_1_49' title='bbox 932 583 1102 627; x_wconf 87' lang='lat' dir='ltr'>potestatis</span> <span class='ocrx_word' id='word_1_50' title='bbox 1121 584 1188 626; x_wconf 89' lang='lat' dir='ltr'>ple-</span> 
     </span>
     <span class='ocr_line' id='line_1_13' title="bbox 446 636 1187 679; baseline 0 -10"><span class='ocrx_word' id='word_1_51' title='bbox 446 636 603 676; x_wconf 86' lang='lat' dir='ltr'>nitudine,</span> <span class='ocrx_word' id='word_1_52' title='bbox 624 637 733 669; x_wconf 91' lang='lat' dir='ltr'>omnia</span> <span class='ocrx_word' id='word_1_53' title='bbox 751 642 782 669; x_wconf 89' lang='lat' dir='ltr'>et</span> <span class='ocrx_word' id='word_1_54' title='bbox 799 636 926 679; x_wconf 80' lang='lat' dir='ltr'>singula</span> <span class='ocrx_word' id='word_1_55' title='bbox 939 637 971 669; x_wconf 92' lang='lat' dir='ltr'>in</span> <span class='ocrx_word' id='word_1_56' title='bbox 989 637 1187 679; x_wconf 77' lang='lat' dir='ltr'>praemissis,</span> 
     </span>
     <span class='ocr_line' id='line_1_14' title="bbox 446 689 1190 732; baseline 0 -10"><span class='ocrx_word' id='word_1_57' title='bbox 446 700 501 723; x_wconf 85' lang='lat' dir='ltr'>seu</span> <span class='ocrx_word' id='word_1_58' title='bbox 528 700 640 723; x_wconf 90' lang='lat' dir='ltr'>eorum</span> <span class='ocrx_word' id='word_1_59' title='bbox 667 689 862 730; x_wconf 88' lang='lat' dir='ltr'>occasione,</span> <span class='ocrx_word' id='word_1_60' title='bbox 889 700 948 732; x_wconf 84' lang='lat' dir='ltr'>per</span> <span class='ocrx_word' id='word_1_61' title='bbox 974 689 1092 722; x_wconf 88' lang='lat' dir='ltr'>dictam</span> <span class='ocrx_word' id='word_1_62' title='bbox 1119 700 1190 722; x_wconf 87' lang='lat' dir='ltr'>sae-</span> 
     </span>
     <span class='ocr_line' id='line_1_15' title="bbox 447 743 1191 785; baseline -0.001 -9"><span class='ocrx_word' id='word_1_63' title='bbox 447 744 590 776; x_wconf 85' lang='lat' dir='ltr'>cularem</span> <span class='ocrx_word' id='word_1_64' title='bbox 628 748 822 785; x_wconf 87' lang='lat' dir='ltr'>potestatem</span> <span class='ocrx_word' id='word_1_65' title='bbox 860 743 1013 776; x_wconf 84' lang='lat' dir='ltr'>adversus</span> <span class='ocrx_word' id='word_1_66' title='bbox 1048 744 1134 776; x_wconf 88' lang='lat' dir='ltr'>bona</span> <span class='ocrx_word' id='word_1_67' title='bbox 1159 748 1191 775; x_wconf 89' lang='lat' dir='ltr'>et</span> 
     </span>
     <span class='ocr_line' id='line_1_16' title="bbox 446 797 1190 840; baseline -0.001 -11"><span class='ocrx_word' id='word_1_68' title='bbox 446 806 604 840; x_wconf 79' lang='lat' dir='ltr'>personas</span> <span class='ocrx_word' id='word_1_69' title='bbox 621 797 811 829; x_wconf 84' lang='lat' dir='ltr'>monasterii</span> <span class='ocrx_word' id='word_1_70' title='bbox 830 807 885 829; x_wconf 89' lang='lat' dir='ltr'>seu</span> <span class='ocrx_word' id='word_1_71' title='bbox 905 797 1079 839; x_wconf 79' lang='lat' dir='ltr'>hospitalis</span> <span class='ocrx_word' id='word_1_72' title='bbox 1098 806 1190 839; x_wconf 85' lang='lat' dir='ltr'>prae-</span> 
     </span>
     <span class='ocr_line' id='line_1_17' title="bbox 446 849 1191 893; baseline -0.001 -11"><span class='ocrx_word' id='word_1_73' title='bbox 446 849 522 882; x_wconf 83' lang='lat' dir='ltr'>dicti</span> <span class='ocrx_word' id='word_1_74' title='bbox 549 850 664 893; x_wconf 87' lang='lat' dir='ltr'>quovis</span> <span class='ocrx_word' id='word_1_75' title='bbox 691 849 788 882; x_wconf 92' lang='lat' dir='ltr'>modo</span> <span class='ocrx_word' id='word_1_76' title='bbox 814 850 959 889; x_wconf 86' lang='lat' dir='ltr'>decreta,</span> <span class='ocrx_word' id='word_1_77' title='bbox 985 854 1073 889; x_wconf 84' lang='lat' dir='ltr'>aeta,</span> <span class='ocrx_word' id='word_1_78' title='bbox 1099 854 1191 891; x_wconf 81' lang='lat' dir='ltr'>gesta</span> 
     </span>
     <span class='ocr_line' id='line_1_18' title="bbox 447 901 1190 942; baseline -0.001 -8"><span class='ocrx_word' id='word_1_79' title='bbox 447 907 478 934; x_wconf 85' lang='lat' dir='ltr'>et</span> <span class='ocrx_word' id='word_1_80' title='bbox 503 907 678 942; x_wconf 88' lang='lat' dir='ltr'>attentata,</span> <span class='ocrx_word' id='word_1_81' title='bbox 707 912 836 934; x_wconf 81' lang='lat' dir='ltr'>necnon</span> <span class='ocrx_word' id='word_1_82' title='bbox 862 902 1079 935; x_wconf 85' lang='lat' dir='ltr'>iuramentum</span> <span class='ocrx_word' id='word_1_83' title='bbox 1112 901 1190 934; x_wconf 80' lang='lat' dir='ltr'>side-</span> 
     </span>
     <span class='ocr_line' id='line_1_19' title="bbox 448 955 1192 998; baseline -0.003 -10"><span class='ocrx_word' id='word_1_84' title='bbox 448 956 547 988; x_wconf 84' lang='lat' dir='ltr'>litatis</span> <span class='ocrx_word' id='word_1_85' title='bbox 575 955 679 988; x_wconf 85' lang='lat' dir='ltr'>eidem</span> <span class='ocrx_word' id='word_1_86' title='bbox 706 956 863 988; x_wconf 83' lang='lat' dir='ltr'>saeculari</span> <span class='ocrx_word' id='word_1_87' title='bbox 891 955 1063 998; x_wconf 84' lang='lat' dir='ltr'>potestatis</span> <span class='ocrx_word' id='word_1_88' title='bbox 1090 966 1106 987; x_wconf 85' lang='lat' dir='ltr'>a</span> <span class='ocrx_word' id='word_1_89' title='bbox 1127 965 1192 987; x_wconf 89' lang='lat' dir='ltr'>me-</span> 
     </span>
     <span class='ocr_line' id='line_1_20' title="bbox 447 1007 1190 1050; baseline -0.001 -9"><span class='ocrx_word' id='word_1_90' title='bbox 447 1014 572 1042; x_wconf 89' lang='lat' dir='ltr'>morato</span> <span class='ocrx_word' id='word_1_91' title='bbox 598 1008 763 1041; x_wconf 87' lang='lat' dir='ltr'>Ludovico</span> <span class='ocrx_word' id='word_1_92' title='bbox 800 1008 967 1041; x_wconf 80' lang='lat' dir='ltr'>Bonisacio</span> <span class='ocrx_word' id='word_1_93' title='bbox 1001 1007 1190 1050; x_wconf 84' lang='lat' dir='ltr'>praeposito</span> 
     </span>
     <span class='ocr_line' id='line_1_21' title="bbox 447 1060 1189 1106; baseline -0.001 -12"><span class='ocrx_word' id='word_1_94' title='bbox 447 1061 637 1106; x_wconf 87' lang='lat' dir='ltr'>praestitum</span> <span class='ocrx_word' id='word_1_95' title='bbox 663 1072 699 1094; x_wconf 83' lang='lat' dir='ltr'>ae</span> <span class='ocrx_word' id='word_1_96' title='bbox 725 1071 964 1104; x_wconf 85' lang='lat' dir='ltr'>quamcumque</span> <span class='ocrx_word' id='word_1_97' title='bbox 992 1060 1189 1102; x_wconf 82' lang='lat' dir='ltr'>recognitio-</span> 
     </span>
     <span class='ocr_line' id='line_1_22' title="bbox 447 1115 1189 1158; baseline -0.005 -9"><span class='ocrx_word' id='word_1_98' title='bbox 447 1127 521 1149; x_wconf 86' lang='lat' dir='ltr'>nem</span> <span class='ocrx_word' id='word_1_99' title='bbox 548 1115 665 1148; x_wconf 82' lang='lat' dir='ltr'>asserti</span> <span class='ocrx_word' id='word_1_100' title='bbox 698 1115 990 1158; x_wconf 80' lang='lat' dir='ltr'>insispatronatus,</span> <span class='ocrx_word' id='word_1_101' title='bbox 1013 1124 1071 1156; x_wconf 90' lang='lat' dir='ltr'>per</span> <span class='ocrx_word' id='word_1_102' title='bbox 1096 1124 1189 1153; x_wconf 89' lang='lat' dir='ltr'>eum,</span> 
     </span>
     <span class='ocr_line' id='line_1_23' title="bbox 447 1167 1192 1212; baseline -0.005 -11"><span class='ocrx_word' id='word_1_103' title='bbox 447 1169 533 1202; x_wconf 84' lang='lat' dir='ltr'>sieut</span> <span class='ocrx_word' id='word_1_104' title='bbox 552 1168 782 1212; x_wconf 87' lang='lat' dir='ltr'>praemittitur,</span> <span class='ocrx_word' id='word_1_105' title='bbox 802 1168 901 1207; x_wconf 80' lang='lat' dir='ltr'>sacta,</span> <span class='ocrx_word' id='word_1_106' title='bbox 921 1178 991 1200; x_wconf 86' lang='lat' dir='ltr'>cum</span> <span class='ocrx_word' id='word_1_107' title='bbox 1011 1167 1086 1200; x_wconf 90' lang='lat' dir='ltr'>inde</span> <span class='ocrx_word' id='word_1_108' title='bbox 1105 1178 1192 1199; x_wconf 80' lang='lat' dir='ltr'>secu-</span> 
     </span>
     <span class='ocr_line' id='line_1_24' title="bbox 449 1219 1189 1263; baseline -0.003 -9"><span class='ocrx_word' id='word_1_109' title='bbox 449 1221 487 1254; x_wconf 89' lang='lat' dir='ltr'>tis</span> <span class='ocrx_word' id='word_1_110' title='bbox 514 1227 545 1254; x_wconf 88' lang='lat' dir='ltr'>et</span> <span class='ocrx_word' id='word_1_111' title='bbox 571 1221 679 1253; x_wconf 82' lang='lat' dir='ltr'>forsan</span> <span class='ocrx_word' id='word_1_112' title='bbox 706 1220 979 1263; x_wconf 82' lang='lat' dir='ltr'>quandocumque</span> <span class='ocrx_word' id='word_1_113' title='bbox 1013 1219 1189 1252; x_wconf 84' lang='lat' dir='ltr'>secuturis.</span> 
     </span>
     <span class='ocr_line' id='line_1_25' title="bbox 448 1272 1192 1318; baseline -0.005 -10"><span class='ocrx_word' id='word_1_114' title='bbox 448 1275 578 1318; x_wconf 88' lang='lat' dir='ltr'>penitus</span> <span class='ocrx_word' id='word_1_115' title='bbox 595 1279 627 1307; x_wconf 89' lang='lat' dir='ltr'>et</span> <span class='ocrx_word' id='word_1_116' title='bbox 644 1273 779 1306; x_wconf 86' lang='lat' dir='ltr'>omnino</span> <span class='ocrx_word' id='word_1_117' title='bbox 799 1274 900 1311; x_wconf 72' lang='lat' dir='ltr'>nulla,</span> <span class='ocrx_word' id='word_1_118' title='bbox 921 1273 1020 1313; x_wconf 81' lang='lat' dir='ltr'>irrita,</span> <span class='ocrx_word' id='word_1_119' title='bbox 1039 1272 1192 1311; x_wconf 78' lang='lat' dir='ltr'>invalida,</span> 
     </span>
     <span class='ocr_line' id='line_1_26' title="bbox 450 1326 1191 1368; baseline -0.004 -9"><span class='ocrx_word' id='word_1_120' title='bbox 450 1327 588 1366; x_wconf 88' lang='lat' dir='ltr'>iniusta,</span> <span class='ocrx_word' id='word_1_121' title='bbox 615 1326 786 1365; x_wconf 87' lang='lat' dir='ltr'>damnata,</span> <span class='ocrx_word' id='word_1_122' title='bbox 813 1326 988 1368; x_wconf 87' lang='lat' dir='ltr'>reprobata</span> <span class='ocrx_word' id='word_1_123' title='bbox 1017 1330 1047 1357; x_wconf 90' lang='lat' dir='ltr'>et</span> <span class='ocrx_word' id='word_1_124' title='bbox 1079 1336 1095 1357; x_wconf 89' lang='lat' dir='ltr'>a</span> <span class='ocrx_word' id='word_1_125' title='bbox 1128 1335 1191 1357; x_wconf 91' lang='lat' dir='ltr'>non</span> 
     </span>
     <span class='ocr_line' id='line_1_27' title="bbox 449 1378 1192 1422; baseline -0.005 -10"><span class='ocrx_word' id='word_1_126' title='bbox 449 1379 646 1412; x_wconf 73' lang='lat' dir='ltr'>habentibus</span> <span class='ocrx_word' id='word_1_127' title='bbox 671 1384 867 1422; x_wconf 84' lang='lat' dir='ltr'>potestatem</span> <span class='ocrx_word' id='word_1_128' title='bbox 905 1378 944 1410; x_wconf 90' lang='lat' dir='ltr'>de</span> <span class='ocrx_word' id='word_1_129' title='bbox 983 1378 1064 1409; x_wconf 83' lang='lat' dir='ltr'>sacto</span> <span class='ocrx_word' id='word_1_130' title='bbox 1100 1387 1192 1420; x_wconf 88' lang='lat' dir='ltr'>prae-</span> 
     </span>
     <span class='ocr_line' id='line_1_28' title="bbox 449 1431 1193 1476; baseline -0.004 -11"><span class='ocrx_word' id='word_1_131' title='bbox 449 1438 597 1476; x_wconf 82' lang='lat' dir='ltr'>sumpta,</span> <span class='ocrx_word' id='word_1_132' title='bbox 622 1433 810 1475; x_wconf 87' lang='lat' dir='ltr'>nulliusque</span> <span class='ocrx_word' id='word_1_133' title='bbox 836 1433 932 1475; x_wconf 87' lang='lat' dir='ltr'>plane</span> <span class='ocrx_word' id='word_1_134' title='bbox 959 1431 1098 1470; x_wconf 80' lang='lat' dir='ltr'>roboris,</span> <span class='ocrx_word' id='word_1_135' title='bbox 1127 1441 1193 1463; x_wconf 90' lang='lat' dir='ltr'>mo-</span> 
     </span>
     <span class='ocr_line' id='line_1_29' title="bbox 449 1483 1193 1518; baseline -0.004 0"><span class='ocrx_word' id='word_1_136' title='bbox 449 1485 548 1518; x_wconf 88' lang='lat' dir='ltr'>menti</span> <span class='ocrx_word' id='word_1_137' title='bbox 575 1486 624 1518; x_wconf 87' lang='lat' dir='ltr'>vel</span> <span class='ocrx_word' id='word_1_138' title='bbox 651 1485 816 1518; x_wconf 80' lang='lat' dir='ltr'>efficaciae</span> <span class='ocrx_word' id='word_1_139' title='bbox 842 1485 881 1517; x_wconf 88' lang='lat' dir='ltr'>ab</span> <span class='ocrx_word' id='word_1_140' title='bbox 908 1484 1000 1516; x_wconf 88' lang='lat' dir='ltr'>initio</span> <span class='ocrx_word' id='word_1_141' title='bbox 1031 1483 1129 1516; x_wconf 83' lang='lat' dir='ltr'>fuisse</span> <span class='ocrx_word' id='word_1_142' title='bbox 1162 1488 1193 1517; x_wconf 87' lang='lat' dir='ltr'>et</span> 
     </span>
     <span class='ocr_line' id='line_1_30' title="bbox 451 1536 1193 1582; baseline -0.005 -10"><span class='ocrx_word' id='word_1_143' title='bbox 451 1550 544 1580; x_wconf 83' lang='lat' dir='ltr'>esse,</span> <span class='ocrx_word' id='word_1_144' title='bbox 573 1549 609 1571; x_wconf 88' lang='lat' dir='ltr'>ac</span> <span class='ocrx_word' id='word_1_145' title='bbox 645 1544 807 1582; x_wconf 88' lang='lat' dir='ltr'>perpetuo</span> <span class='ocrx_word' id='word_1_146' title='bbox 844 1538 932 1576; x_wconf 81' lang='lat' dir='ltr'>sore,</span> <span class='ocrx_word' id='word_1_147' title='bbox 963 1536 1193 1579; x_wconf 79' lang='lat' dir='ltr'>neminemque</span> 
     </span>
     <span class='ocr_line' id='line_1_31' title="bbox 451 1590 1194 1630; baseline -0.005 -4"><span class='ocrx_word' id='word_1_148' title='bbox 451 1594 490 1626; x_wconf 86' lang='lat' dir='ltr'>ad</span> <span class='ocrx_word' id='word_1_149' title='bbox 509 1593 642 1626; x_wconf 87' lang='lat' dir='ltr'>illorum</span> <span class='ocrx_word' id='word_1_150' title='bbox 660 1591 897 1625; x_wconf 71' lang='lat' dir='ltr'>observantiam</span> <span class='ocrx_word' id='word_1_151' title='bbox 922 1591 1034 1630; x_wconf 82' lang='lat' dir='ltr'>teneri,</span> <span class='ocrx_word' id='word_1_152' title='bbox 1054 1590 1116 1623; x_wconf 89' lang='lat' dir='ltr'>imo</span> <span class='ocrx_word' id='word_1_153' title='bbox 1136 1600 1194 1622; x_wconf 85' lang='lat' dir='ltr'>nec</span> 
     </span>
     <span class='ocr_line' id='line_1_32' title="bbox 452 1643 1194 1687; baseline -0.007 -8"><span class='ocrx_word' id='word_1_154' title='bbox 452 1647 507 1680; x_wconf 85' lang='lat' dir='ltr'>illa</span> <span class='ocrx_word' id='word_1_155' title='bbox 533 1647 698 1679; x_wconf 88' lang='lat' dir='ltr'>ullatenus</span> <span class='ocrx_word' id='word_1_156' title='bbox 736 1644 902 1677; x_wconf 84' lang='lat' dir='ltr'>observari</span> <span class='ocrx_word' id='word_1_157' title='bbox 935 1654 1034 1687; x_wconf 84' lang='lat' dir='ltr'>posse</span> <span class='ocrx_word' id='word_1_158' title='bbox 1060 1648 1115 1674; x_wconf 88' lang='lat' dir='ltr'>aut</span> <span class='ocrx_word' id='word_1_159' title='bbox 1139 1643 1194 1675; x_wconf 90' lang='lat' dir='ltr'>de-</span> 
     </span>
     <span class='ocr_line' id='line_1_33' title="bbox 451 1695 1192 1741; baseline -0.007 -9"><span class='ocrx_word' id='word_1_160' title='bbox 451 1699 547 1739; x_wconf 87' lang='lat' dir='ltr'>bere,</span> <span class='ocrx_word' id='word_1_161' title='bbox 573 1709 681 1741; x_wconf 84' lang='lat' dir='ltr'>neque</span> <span class='ocrx_word' id='word_1_162' title='bbox 719 1709 754 1731; x_wconf 79' lang='lat' dir='ltr'>ex</span> <span class='ocrx_word' id='word_1_163' title='bbox 791 1697 856 1730; x_wconf 93' lang='lat' dir='ltr'>illis</span> <span class='ocrx_word' id='word_1_164' title='bbox 883 1697 1033 1739; x_wconf 87' lang='lat' dir='ltr'>cuiquam</span> <span class='ocrx_word' id='word_1_165' title='bbox 1060 1695 1192 1739; x_wconf 87' lang='lat' dir='ltr'>aliquod</span> 
     </span>
     <span class='ocr_line' id='line_1_34' title="bbox 451 1749 1195 1785; baseline -0.005 -1"><span class='ocrx_word' id='word_1_166' title='bbox 451 1752 502 1785; x_wconf 90' lang='lat' dir='ltr'>ius</span> <span class='ocrx_word' id='word_1_167' title='bbox 528 1752 579 1784; x_wconf 84' lang='lat' dir='ltr'>vel</span> <span class='ocrx_word' id='word_1_168' title='bbox 605 1752 767 1784; x_wconf 73' lang='lat' dir='ltr'>actionem</span> <span class='ocrx_word' id='word_1_169' title='bbox 792 1755 846 1782; x_wconf 90' lang='lat' dir='ltr'>aut</span> <span class='ocrx_word' id='word_1_170' title='bbox 872 1750 1000 1782; x_wconf 90' lang='lat' dir='ltr'>titulum</span> <span class='ocrx_word' id='word_1_171' title='bbox 1028 1749 1122 1781; x_wconf 88' lang='lat' dir='ltr'>etiam</span> <span class='ocrx_word' id='word_1_172' title='bbox 1142 1759 1195 1781; x_wconf 88' lang='lat' dir='ltr'>co-</span> 
     </span>
     <span class='ocr_line' id='line_1_35' title="bbox 451 1802 1192 1848; baseline -0.007 -9"><span class='ocrx_word' id='word_1_173' title='bbox 451 1807 604 1844; x_wconf 87' lang='lat' dir='ltr'>loratum,</span> <span class='ocrx_word' id='word_1_174' title='bbox 622 1806 670 1838; x_wconf 69' lang='lat' dir='ltr'>vel</span> <span class='ocrx_word' id='word_1_175' title='bbox 688 1803 879 1848; x_wconf 85' lang='lat' dir='ltr'>possidendi</span> <span class='ocrx_word' id='word_1_176' title='bbox 900 1814 936 1836; x_wconf 85' lang='lat' dir='ltr'>ae</span> <span class='ocrx_word' id='word_1_177' title='bbox 950 1802 1192 1847; x_wconf 76' lang='lat' dir='ltr'>praescribendi</span> 
     </span>
     <span class='ocr_line' id='line_1_36' title="bbox 452 1854 1195 1901; baseline -0.004 -12"><span class='ocrx_word' id='word_1_178' title='bbox 452 1869 594 1898; x_wconf 72' lang='lat' dir='ltr'>eausam,</span> <span class='ocrx_word' id='word_1_179' title='bbox 614 1857 809 1901; x_wconf 84' lang='lat' dir='ltr'>acquisitum</span> <span class='ocrx_word' id='word_1_180' title='bbox 834 1856 930 1889; x_wconf 81' lang='lat' dir='ltr'>luisse</span> <span class='ocrx_word' id='word_1_181' title='bbox 957 1866 1015 1889; x_wconf 86' lang='lat' dir='ltr'>nce</span> <span class='ocrx_word' id='word_1_182' title='bbox 1037 1866 1117 1893; x_wconf 76' lang='lat' dir='ltr'>esse,</span> <span class='ocrx_word' id='word_1_183' title='bbox 1137 1854 1195 1887; x_wconf 89' lang='lat' dir='ltr'>mi-</span> 
     </span>
     <span class='ocr_line' id='line_1_37' title="bbox 452 1909 1196 1955; baseline -0.005 -11"><span class='ocrx_word' id='word_1_184' title='bbox 452 1922 579 1955; x_wconf 87' lang='lat' dir='ltr'>nusque</span> <span class='ocrx_word' id='word_1_185' title='bbox 603 1911 672 1943; x_wconf 90' lang='lat' dir='ltr'>ullo</span> <span class='ocrx_word' id='word_1_186' title='bbox 699 1915 846 1953; x_wconf 83' lang='lat' dir='ltr'>tempore</span> <span class='ocrx_word' id='word_1_187' title='bbox 876 1909 1000 1952; x_wconf 90' lang='lat' dir='ltr'>acquiri</span> <span class='ocrx_word' id='word_1_188' title='bbox 1027 1909 1076 1941; x_wconf 85' lang='lat' dir='ltr'>vel</span> <span class='ocrx_word' id='word_1_189' title='bbox 1109 1918 1196 1941; x_wconf 87' lang='lat' dir='ltr'>eom-</span> 
     </span>
     <span class='ocr_line' id='line_1_38' title="bbox 452 1963 1195 2008; baseline -0.005 -11"><span class='ocrx_word' id='word_1_190' title='bbox 452 1970 564 2008; x_wconf 86' lang='lat' dir='ltr'>petere</span> <span class='ocrx_word' id='word_1_191' title='bbox 589 1974 702 2007; x_wconf 87' lang='lat' dir='ltr'>posse,</span> <span class='ocrx_word' id='word_1_192' title='bbox 728 1974 836 2006; x_wconf 86' lang='lat' dir='ltr'>neque</span> <span class='ocrx_word' id='word_1_193' title='bbox 870 1963 925 1995; x_wconf 85' lang='lat' dir='ltr'>illa</span> <span class='ocrx_word' id='word_1_194' title='bbox 950 1963 1052 1994; x_wconf 91' lang='lat' dir='ltr'>ullum</span> <span class='ocrx_word' id='word_1_195' title='bbox 1080 1966 1195 1994; x_wconf 88' lang='lat' dir='ltr'>statum</span> 
     </span>
     <span class='ocr_line' id='line_1_39' title="bbox 454 2014 1194 2058; baseline -0.007 -7"><span class='ocrx_word' id='word_1_196' title='bbox 454 2019 559 2051; x_wconf 78' lang='lat' dir='ltr'>facere</span> <span class='ocrx_word' id='word_1_197' title='bbox 595 2018 644 2049; x_wconf 72' lang='lat' dir='ltr'>vel</span> <span class='ocrx_word' id='word_1_198' title='bbox 683 2017 816 2056; x_wconf 76' lang='lat' dir='ltr'>secisse,</span> <span class='ocrx_word' id='word_1_199' title='bbox 843 2016 920 2056; x_wconf 85' lang='lat' dir='ltr'>scd,</span> <span class='ocrx_word' id='word_1_200' title='bbox 947 2015 1084 2058; x_wconf 83' lang='lat' dir='ltr'>perinde</span> <span class='ocrx_word' id='word_1_201' title='bbox 1110 2025 1145 2047; x_wconf 85' lang='lat' dir='ltr'>ac</span> <span class='ocrx_word' id='word_1_202' title='bbox 1171 2014 1194 2046; x_wconf 88' lang='lat' dir='ltr'>si</span> 
     </span>
     <span class='ocr_line' id='line_1_40' title="bbox 453 2067 1196 2114; baseline -0.007 -10"><span class='ocrx_word' id='word_1_203' title='bbox 453 2081 621 2114; x_wconf 88' lang='lat' dir='ltr'>nunquam</span> <span class='ocrx_word' id='word_1_204' title='bbox 652 2074 859 2103; x_wconf 77' lang='lat' dir='ltr'>emanassent</span> <span class='ocrx_word' id='word_1_205' title='bbox 884 2079 943 2101; x_wconf 84' lang='lat' dir='ltr'>nce</span> <span class='ocrx_word' id='word_1_206' title='bbox 970 2067 1092 2101; x_wconf 82' lang='lat' dir='ltr'>saetae¹</span> <span class='ocrx_word' id='word_1_207' title='bbox 1120 2067 1196 2100; x_wconf 90' lang='lat' dir='ltr'>suis-</span> 
     </span>
     <span class='ocr_line' id='line_1_41' title="bbox 454 2121 1195 2168; baseline -0.004 -12"><span class='ocrx_word' id='word_1_208' title='bbox 454 2130 543 2165; x_wconf 84' lang='lat' dir='ltr'>sent,</span> <span class='ocrx_word' id='word_1_209' title='bbox 570 2135 631 2168; x_wconf 87' lang='lat' dir='ltr'>pro</span> <span class='ocrx_word' id='word_1_210' title='bbox 656 2135 723 2157; x_wconf 90' lang='lat' dir='ltr'>non</span> <span class='ocrx_word' id='word_1_211' title='bbox 750 2123 932 2157; x_wconf 70' lang='lat' dir='ltr'>extantibus</span> <span class='ocrx_word' id='word_1_212' title='bbox 958 2125 989 2155; x_wconf 89' lang='lat' dir='ltr'>et</span> <span class='ocrx_word' id='word_1_213' title='bbox 1015 2132 1078 2155; x_wconf 89' lang='lat' dir='ltr'>non</span> <span class='ocrx_word' id='word_1_214' title='bbox 1106 2121 1195 2153; x_wconf 87' lang='lat' dir='ltr'>sactis</span> 
     </span>
     <span class='ocr_line' id='line_1_42' title="bbox 453 2177 1197 2222; baseline -0.007 -11"><span class='ocrx_word' id='word_1_215' title='bbox 453 2183 614 2222; x_wconf 85' lang='lat' dir='ltr'>perpetuo</span> <span class='ocrx_word' id='word_1_216' title='bbox 640 2177 754 2210; x_wconf 86' lang='lat' dir='ltr'>haberi</span> <span class='ocrx_word' id='word_1_217' title='bbox 793 2177 933 2216; x_wconf 76' lang='lat' dir='ltr'>debere,</span> <span class='ocrx_word' id='word_1_218' title='bbox 961 2181 1072 2208; x_wconf 86' lang='lat' dir='ltr'>tenore</span> <span class='ocrx_word' id='word_1_219' title='bbox 1102 2184 1197 2217; x_wconf 84' lang='lat' dir='ltr'>prae-</span> 
     </span>
     <span class='ocr_line' id='line_1_43' title="bbox 454 2230 1126 2264; baseline -0.004 -1"><span class='ocrx_word' id='word_1_220' title='bbox 454 2231 593 2264; x_wconf 87' lang='lat' dir='ltr'>sentium</span> <span class='ocrx_word' id='word_1_221' title='bbox 622 2231 828 2264; x_wconf 84' lang='lat' dir='ltr'>decernimus</span> <span class='ocrx_word' id='word_1_222' title='bbox 854 2235 885 2262; x_wconf 91' lang='lat' dir='ltr'>et</span> <span class='ocrx_word' id='word_1_223' title='bbox 909 2230 1126 2262; x_wconf 82' lang='lat' dir='ltr'>declaramus.</span> 
     </span>
    </p>

    <p class='ocr_par' dir='ltr' id='par_1_4' title="bbox 455 2282 1197 2536">
     <span class='ocr_line' id='line_1_44' title="bbox 498 2282 1197 2326; baseline -0.006 -9"><span class='ocrx_word' id='word_1_224' title='bbox 498 2284 512 2326; x_wconf 61' lang='grc' dir='ltr'><strong>ἓ</strong></span> <span class='ocrx_word' id='word_1_225' title='bbox 536 2284 568 2317; x_wconf 65' lang='lat'>53.</span> <span class='ocrx_word' id='word_1_226' title='bbox 595 2284 631 2317; x_wconf 83' lang='lat' dir='ltr'>Et</span> <span class='ocrx_word' id='word_1_227' title='bbox 656 2283 893 2322; x_wconf 84' lang='lat' dir='ltr'>nibilominus,</span> <span class='ocrx_word' id='word_1_228' title='bbox 920 2283 958 2315; x_wconf 88' lang='lat' dir='ltr'>ad</span> <span class='ocrx_word' id='word_1_229' title='bbox 986 2282 1142 2315; x_wconf 87' lang='lat' dir='ltr'>maiorem</span> <span class='ocrx_word' id='word_1_230' title='bbox 1165 2287 1197 2313; x_wconf 88' lang='lat' dir='ltr'>ct</span> 
     </span>
     <span class='ocr_line' id='line_1_45' title="bbox 456 2337 1195 2378; baseline -0.005 -9"><span class='ocrx_word' id='word_1_231' title='bbox 456 2337 725 2370; x_wconf 81' lang='lat' dir='ltr'>abundantiorem</span> <span class='ocrx_word' id='word_1_232' title='bbox 766 2337 924 2369; x_wconf 85' lang='lat' dir='ltr'>cautelam</span> <span class='ocrx_word' id='word_1_233' title='bbox 966 2340 996 2368; x_wconf 91' lang='lat' dir='ltr'>et</span> <span class='ocrx_word' id='word_1_234' title='bbox 1037 2340 1195 2378; x_wconf 86' lang='lat' dir='ltr'>qnatenus</span> 
     </span>
     <span class='ocr_line' id='line_1_46' title="bbox 455 2388 1193 2432; baseline -0.004 -10"><span class='ocrx_word' id='word_1_235' title='bbox 455 2400 537 2432; x_wconf 88' lang='lat' dir='ltr'>opus</span> <span class='ocrx_word' id='word_1_236' title='bbox 563 2390 622 2429; x_wconf 89' lang='lat' dir='ltr'>sit,</span> <span class='ocrx_word' id='word_1_237' title='bbox 645 2389 700 2422; x_wconf 89' lang='lat' dir='ltr'>illa</span> <span class='ocrx_word' id='word_1_238' title='bbox 725 2389 833 2422; x_wconf 87' lang='lat' dir='ltr'>omnia</span> <span class='ocrx_word' id='word_1_239' title='bbox 870 2394 901 2421; x_wconf 89' lang='lat' dir='ltr'>et</span> <span class='ocrx_word' id='word_1_240' title='bbox 936 2388 1065 2431; x_wconf 84' lang='lat' dir='ltr'>singula</span> <span class='ocrx_word' id='word_1_241' title='bbox 1090 2392 1193 2425; x_wconf 73' lang='lat' dir='ltr'>motu,</span> 
     </span>
     <span class='ocr_line' id='line_1_47' title="bbox 456 2439 1197 2484; baseline -0.003 -10"><span class='ocrx_word' id='word_1_242' title='bbox 456 2442 600 2480; x_wconf 74' lang='lat' dir='ltr'>scientia,</span> <span class='ocrx_word' id='word_1_243' title='bbox 627 2442 865 2474; x_wconf 87' lang='lat' dir='ltr'>deliberatione</span> <span class='ocrx_word' id='word_1_244' title='bbox 891 2447 922 2474; x_wconf 87' lang='lat' dir='ltr'>et</span> <span class='ocrx_word' id='word_1_245' title='bbox 939 2439 1110 2484; x_wconf 86' lang='lat' dir='ltr'>potestatis</span> <span class='ocrx_word' id='word_1_246' title='bbox 1127 2441 1197 2483; x_wconf 89' lang='lat' dir='ltr'>ple-</span> 
     </span>
     <span class='ocr_line' id='line_1_48' title="bbox 455 2492 1197 2536; baseline -0.003 -10"><span class='ocrx_word' id='word_1_247' title='bbox 455 2494 603 2527; x_wconf 87' lang='lat' dir='ltr'>nitudine</span> <span class='ocrx_word' id='word_1_248' title='bbox 638 2495 771 2536; x_wconf 85' lang='lat' dir='ltr'>paribus</span> <span class='ocrx_word' id='word_1_249' title='bbox 810 2494 1015 2532; x_wconf 73' lang='lat' dir='ltr'>damnamus,</span> <span class='ocrx_word' id='word_1_250' title='bbox 1042 2492 1197 2535; x_wconf 84' lang='lat' dir='ltr'>reproba-</span> 
     </span>
    </p>
   </div>
   <div class='ocr_carea' id='block_1_4' title="bbox 1033 219 1392 243">
    <p class='ocr_par' dir='ltr' id='par_1_5' title="bbox 1033 219 1392 243">
     <span class='ocr_line' id='line_1_49' title="bbox 1033 219 1392 243; baseline 0 -1"><span class='ocrx_word' id='word_1_251' title='bbox 1033 219 1212 243; x_wconf 66' lang='lat' dir='ltr'>mmmmm!</span> <span class='ocrx_word' id='word_1_252' title='bbox 1237 219 1392 243; x_wconf 67' lang='lat' dir='ltr'>noatANmi</span> 
     </span>
    </p>
   </div>
   <div class='ocr_carea' id='block_1_5' title="bbox 1208 290 1214 972">
    <p class='ocr_par' dir='ltr' id='par_1_6' title="bbox 1208 290 1214 972">
     <span class='ocr_line' id='line_1_50' title="bbox 1208 290 1214 972; baseline 0 0"><span class='ocrx_word' id='word_1_253' title='bbox 1208 290 1214 972; x_wconf 95' lang='lat' dir='ltr'> </span> 
     </span>
    </p>
   </div>
   <div class='ocr_carea' id='block_1_6' title="bbox 1230 218 2170 2530">
    <p class='ocr_par' dir='ltr' id='par_1_7' title="bbox 1230 218 2163 784">
     <span class='ocr_line' id='line_1_51' title="bbox 1982 218 2163 248; baseline 0.022 -4"><span class='ocrx_word' id='word_1_254' title='bbox 1982 219 2030 244; x_wconf 75' lang='lat' dir='ltr'>An.</span> <span class='ocrx_word' id='word_1_255' title='bbox 2047 219 2075 245; x_wconf 90' lang='lat' dir='ltr'>C.</span> <span class='ocrx_word' id='word_1_256' title='bbox 2099 218 2163 248; x_wconf 75' lang='grc'>1726</span> 
     </span>
     <span class='ocr_line' id='line_1_52' title="bbox 1230 266 1973 310; baseline -0.001 -11"><span class='ocrx_word' id='word_1_257' title='bbox 1230 268 1437 300; x_wconf 85' lang='lat' dir='ltr'>annullamus</span> <span class='ocrx_word' id='word_1_258' title='bbox 1464 271 1494 300; x_wconf 87' lang='lat' dir='ltr'>et</span> <span class='ocrx_word' id='word_1_259' title='bbox 1519 266 1703 306; x_wconf 84' lang='lat' dir='ltr'>abolemus,</span> <span class='ocrx_word' id='word_1_260' title='bbox 1731 267 1918 310; x_wconf 87' lang='lat' dir='ltr'>viribusque</span> <span class='ocrx_word' id='word_1_261' title='bbox 1943 271 1973 298; x_wconf 90' lang='lat' dir='ltr'>et</span> 
     </span>
     <span class='ocr_line' id='line_1_53' title="bbox 1231 318 1971 363; baseline 0 -12"><span class='ocrx_word' id='word_1_262' title='bbox 1231 318 1345 352; x_wconf 79' lang='lat' dir='ltr'>ell&#39;ectn</span> <span class='ocrx_word' id='word_1_263' title='bbox 1372 320 1500 363; x_wconf 89' lang='lat' dir='ltr'>penitus</span> <span class='ocrx_word' id='word_1_264' title='bbox 1518 326 1549 352; x_wconf 89' lang='lat' dir='ltr'>et</span> <span class='ocrx_word' id='word_1_265' title='bbox 1570 319 1703 352; x_wconf 84' lang='lat' dir='ltr'>omnino</span> <span class='ocrx_word' id='word_1_266' title='bbox 1725 330 1906 357; x_wconf 75' lang='lat' dir='ltr'>vacuamus,</span> <span class='ocrx_word' id='word_1_267' title='bbox 1927 330 1971 358; x_wconf 85' lang='lat' dir='ltr'>ac,</span> 
     </span>
     <span class='ocr_line' id='line_1_54' title="bbox 1231 373 1974 415; baseline 0.004 -13"><span class='ocrx_word' id='word_1_268' title='bbox 1231 378 1389 415; x_wconf 85' lang='lat' dir='ltr'>qnatenus</span> <span class='ocrx_word' id='word_1_269' title='bbox 1417 373 1527 405; x_wconf 89' lang='lat' dir='ltr'>itidem</span> <span class='ocrx_word' id='word_1_270' title='bbox 1555 384 1635 415; x_wconf 87' lang='lat' dir='ltr'>opus</span> <span class='ocrx_word' id='word_1_271' title='bbox 1668 373 1731 412; x_wconf 85' lang='lat' dir='ltr'>sit,</span> <span class='ocrx_word' id='word_1_272' title='bbox 1759 373 1879 405; x_wconf 85' lang='lat' dir='ltr'>dictum</span> <span class='ocrx_word' id='word_1_273' title='bbox 1907 382 1974 405; x_wconf 90' lang='lat' dir='ltr'>mo-</span> 
     </span>
     <span class='ocr_line' id='line_1_55' title="bbox 1231 424 1973 467; baseline 0.001 -11"><span class='ocrx_word' id='word_1_274' title='bbox 1231 425 1408 458; x_wconf 86' lang='lat' dir='ltr'>nasterium</span> <span class='ocrx_word' id='word_1_275' title='bbox 1433 435 1489 457; x_wconf 90' lang='lat' dir='ltr'>seu</span> <span class='ocrx_word' id='word_1_276' title='bbox 1516 426 1686 467; x_wconf 81' lang='lat' dir='ltr'>hospitale,</span> <span class='ocrx_word' id='word_1_277' title='bbox 1707 424 1859 467; x_wconf 88' lang='lat' dir='ltr'>illiusque</span> <span class='ocrx_word' id='word_1_278' title='bbox 1877 435 1973 467; x_wconf 77' lang='lat' dir='ltr'>prae-</span> 
     </span>
     <span class='ocr_line' id='line_1_56' title="bbox 1231 477 1973 520; baseline 0 -11"><span class='ocrx_word' id='word_1_279' title='bbox 1231 478 1419 520; x_wconf 73' lang='lat' dir='ltr'>posituram,</span> <span class='ocrx_word' id='word_1_280' title='bbox 1443 488 1479 510; x_wconf 89' lang='lat' dir='ltr'>ac</span> <span class='ocrx_word' id='word_1_281' title='bbox 1504 478 1591 510; x_wconf 91' lang='lat' dir='ltr'>bona</span> <span class='ocrx_word' id='word_1_282' title='bbox 1616 483 1647 510; x_wconf 89' lang='lat' dir='ltr'>et</span> <span class='ocrx_word' id='word_1_283' title='bbox 1671 478 1753 517; x_wconf 85' lang='lat' dir='ltr'>iura,</span> <span class='ocrx_word' id='word_1_284' title='bbox 1781 487 1817 509; x_wconf 86' lang='lat' dir='ltr'>ae</span> <span class='ocrx_word' id='word_1_285' title='bbox 1842 477 1973 509; x_wconf 87' lang='lat' dir='ltr'>illorum</span> 
     </span>
     <span class='ocr_line' id='line_1_57' title="bbox 1232 530 1974 574; baseline 0 -12"><span class='ocrx_word' id='word_1_286' title='bbox 1232 531 1413 574; x_wconf 73' lang='lat' dir='ltr'>respective</span> <span class='ocrx_word' id='word_1_287' title='bbox 1440 541 1598 574; x_wconf 73' lang='lat' dir='ltr'>personas</span> <span class='ocrx_word' id='word_1_288' title='bbox 1616 541 1837 574; x_wconf 86' lang='lat' dir='ltr'>quascumque</span> <span class='ocrx_word' id='word_1_289' title='bbox 1861 530 1974 563; x_wconf 86' lang='lat' dir='ltr'>adver-</span> 
     </span>
     <span class='ocr_line' id='line_1_58' title="bbox 1232 583 1973 626; baseline 0.001 -12"><span class='ocrx_word' id='word_1_290' title='bbox 1232 594 1286 615; x_wconf 87' lang='lat' dir='ltr'>sus</span> <span class='ocrx_word' id='word_1_291' title='bbox 1313 584 1367 616; x_wconf 88' lang='lat' dir='ltr'>illa</span> <span class='ocrx_word' id='word_1_292' title='bbox 1393 584 1425 616; x_wconf 91' lang='lat' dir='ltr'>in</span> <span class='ocrx_word' id='word_1_293' title='bbox 1457 584 1621 626; x_wconf 76' lang='lat' dir='ltr'>integrum</span> <span class='ocrx_word' id='word_1_294' title='bbox 1660 589 1691 616; x_wconf 86' lang='lat' dir='ltr'>ot</span> <span class='ocrx_word' id='word_1_295' title='bbox 1729 583 1899 626; x_wconf 88' lang='lat' dir='ltr'>pristinum</span> <span class='ocrx_word' id='word_1_296' title='bbox 1938 593 1973 615; x_wconf 83' lang='lat' dir='ltr'>ac</span> 
     </span>
     <span class='ocr_line' id='line_1_59' title="bbox 1233 636 1975 680; baseline 0.001 -13"><span class='ocrx_word' id='word_1_297' title='bbox 1233 647 1305 669; x_wconf 82' lang='lat' dir='ltr'>enni</span> <span class='ocrx_word' id='word_1_298' title='bbox 1332 637 1362 669; x_wconf 91' lang='lat' dir='ltr'>in</span> <span class='ocrx_word' id='word_1_299' title='bbox 1391 648 1455 680; x_wconf 86' lang='lat' dir='ltr'>quo</span> <span class='ocrx_word' id='word_1_300' title='bbox 1481 643 1575 669; x_wconf 89' lang='lat' dir='ltr'>antea</span> <span class='ocrx_word' id='word_1_301' title='bbox 1609 636 1857 680; x_wconf 87' lang='lat' dir='ltr'>quomodolibet</span> <span class='ocrx_word' id='word_1_302' title='bbox 1882 641 1975 668; x_wconf 83' lang='lat' dir='ltr'>erant</span> 
     </span>
     <span class='ocr_line' id='line_1_60' title="bbox 1233 688 1975 732; baseline 0 -11"><span class='ocrx_word' id='word_1_303' title='bbox 1233 694 1351 721; x_wconf 86' lang='lat' dir='ltr'>statum</span> <span class='ocrx_word' id='word_1_304' title='bbox 1388 689 1609 729; x_wconf 84' lang='lat' dir='ltr'>restituimus,</span> <span class='ocrx_word' id='word_1_305' title='bbox 1636 689 1823 732; x_wconf 76' lang='lat' dir='ltr'>reponimus</span> <span class='ocrx_word' id='word_1_306' title='bbox 1853 694 1884 721; x_wconf 92' lang='lat' dir='ltr'>et</span> <span class='ocrx_word' id='word_1_307' title='bbox 1908 688 1975 732; x_wconf 88' lang='lat' dir='ltr'>ple-</span> 
     </span>
     <span class='ocr_line' id='line_1_61' title="bbox 1233 742 1599 784; baseline 0 -10"><span class='ocrx_word' id='word_1_308' title='bbox 1233 742 1322 774; x_wconf 87' lang='lat' dir='ltr'>narie</span> <span class='ocrx_word' id='word_1_309' title='bbox 1349 742 1599 784; x_wconf 78' lang='lat' dir='ltr'>reintegramus.</span> 
     </span>
    </p>

    <p class='ocr_par' dir='ltr' id='par_1_8' title="bbox 1234 795 2170 1581">
     <span class='ocr_line' id='line_1_62' title="bbox 1278 795 2168 838; baseline -0.001 -12"><span class='ocrx_word' id='word_1_310' title='bbox 1278 795 1292 837; x_wconf 66' lang='lat' dir='ltr'>g</span> <span class='ocrx_word' id='word_1_311' title='bbox 1318 795 1349 827; x_wconf 71' lang='grc'>4.</span> <span class='ocrx_word' id='word_1_312' title='bbox 1378 795 1501 827; x_wconf 87' lang='lat' dir='ltr'>Firmas</span> <span class='ocrx_word' id='word_1_313' title='bbox 1527 800 1701 838; x_wconf 87' lang='lat' dir='ltr'>praeterea</span> <span class='ocrx_word' id='word_1_314' title='bbox 1727 806 1762 828; x_wconf 87' lang='lat' dir='ltr'>ae</span> <span class='ocrx_word' id='word_1_315' title='bbox 1783 796 1887 828; x_wconf 83' lang='lat' dir='ltr'>salvas</span> <span class='ocrx_word' id='word_1_316' title='bbox 1906 805 1975 828; x_wconf 86' lang='lat' dir='ltr'>esse</span> <span class='ocrx_word' id='word_1_317' title='bbox 2025 804 2168 827; x_wconf 61' lang='lat' dir='ltr'>oecomunmr</span> 
     </span>
     <span class='ocr_line' id='line_1_63' title="bbox 1235 832 2170 892; baseline 0.001 -11"><span class='ocrx_word' id='word_1_318' title='bbox 1235 849 1382 881; x_wconf 87' lang='lat' dir='ltr'>volumus</span> <span class='ocrx_word' id='word_1_319' title='bbox 1407 853 1504 892; x_wconf 85' lang='lat' dir='ltr'>atque</span> <span class='ocrx_word' id='word_1_320' title='bbox 1532 849 1739 881; x_wconf 88' lang='lat' dir='ltr'>decernimus</span> <span class='ocrx_word' id='word_1_321' title='bbox 1757 832 2170 892; x_wconf 46' lang='lat' dir='ltr'>quascumqueslli&#39;lsswi‘lt&#39;illlffiss</span> 
     </span>
     <span class='ocr_line' id='line_1_64' title="bbox 1234 884 2170 945; baseline 0.003 -12"><span class='ocrx_word' id='word_1_322' title='bbox 1234 911 1388 934; x_wconf 87' lang='lat' dir='ltr'>censuras</span> <span class='ocrx_word' id='word_1_323' title='bbox 1414 907 1446 934; x_wconf 93' lang='lat' dir='ltr'>et</span> <span class='ocrx_word' id='word_1_324' title='bbox 1470 912 1593 944; x_wconf 87' lang='lat' dir='ltr'>poenas</span> <span class='ocrx_word' id='word_1_325' title='bbox 1619 901 1869 940; x_wconf 84' lang='lat' dir='ltr'>ecclesiasticas,</span> <span class='ocrx_word' id='word_1_326' title='bbox 1897 911 1977 945; x_wconf 84' lang='lat' dir='ltr'>quas</span> <span class='ocrx_word' id='word_1_327' title='bbox 1988 884 2170 940; x_wconf 51' lang='lat' dir='ltr'>fflia&#39;ljuiadr‘i&#39;iuisslgff</span> 
     </span>
     <span class='ocr_line' id='line_1_65' title="bbox 1234 937 2170 998; baseline -0.001 -11"><span class='ocrx_word' id='word_1_328' title='bbox 1234 954 1378 987; x_wconf 86' lang='lat' dir='ltr'>eiusdem</span> <span class='ocrx_word' id='word_1_329' title='bbox 1399 954 1573 987; x_wconf 88' lang='lat' dir='ltr'>saecularis</span> <span class='ocrx_word' id='word_1_330' title='bbox 1591 955 1760 998; x_wconf 88' lang='lat' dir='ltr'>potestatis</span> <span class='ocrx_word' id='word_1_331' title='bbox 1780 937 2170 995; x_wconf 56' lang='lat' dir='ltr'>administri,{ilfflffial’t‘ffi}</span> 
     </span>
     <span class='ocr_line' id='line_1_66' title="bbox 1234 1007 1979 1050; baseline 0.003 -12"><span class='ocrx_word' id='word_1_332' title='bbox 1234 1007 1288 1050; x_wconf 90' lang='lat' dir='ltr'>qui</span> <span class='ocrx_word' id='word_1_333' title='bbox 1316 1007 1492 1050; x_wconf 87' lang='lat' dir='ltr'>praemissa</span> <span class='ocrx_word' id='word_1_334' title='bbox 1517 1012 1760 1050; x_wconf 72' lang='lat' dir='ltr'>perpetrarunt,</span> <span class='ocrx_word' id='word_1_335' title='bbox 1784 1007 1979 1041; x_wconf 82' lang='lat' dir='ltr'>mandarunt</span> 
     </span>
     <span class='ocr_line' id='line_1_67' title="bbox 1235 1060 1978 1102; baseline 0.001 -10"><span class='ocrx_word' id='word_1_336' title='bbox 1235 1061 1283 1092; x_wconf 83' lang='lat' dir='ltr'>vel</span> <span class='ocrx_word' id='word_1_337' title='bbox 1310 1065 1378 1092; x_wconf 88' lang='lat' dir='ltr'>rata</span> <span class='ocrx_word' id='word_1_338' title='bbox 1404 1060 1604 1099; x_wconf 86' lang='lat' dir='ltr'>habuerunt,</span> <span class='ocrx_word' id='word_1_339' title='bbox 1622 1071 1677 1092; x_wconf 90' lang='lat' dir='ltr'>seu</span> <span class='ocrx_word' id='word_1_340' title='bbox 1696 1060 1728 1092; x_wconf 88' lang='lat' dir='ltr'>in</span> <span class='ocrx_word' id='word_1_341' title='bbox 1747 1060 1794 1093; x_wconf 90' lang='lat' dir='ltr'>eis</span> <span class='ocrx_word' id='word_1_342' title='bbox 1813 1060 1978 1102; x_wconf 84' lang='lat' dir='ltr'>auxilium,</span> 
     </span>
     <span class='ocr_line' id='line_1_68' title="bbox 1235 1114 1980 1157; baseline 0.004 -13"><span class='ocrx_word' id='word_1_343' title='bbox 1235 1114 1406 1146; x_wconf 88' lang='lat' dir='ltr'>eonsilium</span> <span class='ocrx_word' id='word_1_344' title='bbox 1451 1115 1500 1146; x_wconf 87' lang='lat' dir='ltr'>vel</span> <span class='ocrx_word' id='word_1_345' title='bbox 1545 1114 1688 1146; x_wconf 87' lang='lat' dir='ltr'>savorem</span> <span class='ocrx_word' id='word_1_346' title='bbox 1732 1114 1980 1157; x_wconf 87' lang='lat' dir='ltr'>quomodolibet</span> 
     </span>
     <span class='ocr_line' id='line_1_69' title="bbox 1235 1167 1978 1210; baseline 0.001 -12"><span class='ocrx_word' id='word_1_347' title='bbox 1235 1167 1486 1208; x_wconf 81' lang='lat' dir='ltr'>praestiterunt,</span> <span class='ocrx_word' id='word_1_348' title='bbox 1523 1167 1662 1199; x_wconf 88' lang='lat' dir='ltr'>cuiusvis</span> <span class='ocrx_word' id='word_1_349' title='bbox 1699 1167 1978 1210; x_wconf 83' lang='lat' dir='ltr'>praeeminentiae</span> 
     </span>
     <span class='ocr_line' id='line_1_70' title="bbox 1235 1219 1978 1262; baseline 0.001 -11"><span class='ocrx_word' id='word_1_350' title='bbox 1235 1224 1266 1251; x_wconf 89' lang='lat' dir='ltr'>et</span> <span class='ocrx_word' id='word_1_351' title='bbox 1303 1219 1470 1261; x_wconf 81' lang='lat' dir='ltr'>dignitatis</span> <span class='ocrx_word' id='word_1_352' title='bbox 1508 1219 1647 1259; x_wconf 88' lang='lat' dir='ltr'>suerint,</span> <span class='ocrx_word' id='word_1_353' title='bbox 1689 1225 1825 1262; x_wconf 86' lang='lat' dir='ltr'>propter</span> <span class='ocrx_word' id='word_1_354' title='bbox 1864 1219 1978 1252; x_wconf 84' lang='lat' dir='ltr'>eadem</span> 
     </span>
     <span class='ocr_line' id='line_1_71' title="bbox 1237 1272 1977 1315; baseline 0.003 -12"><span class='ocrx_word' id='word_1_355' title='bbox 1237 1272 1414 1314; x_wconf 86' lang='lat' dir='ltr'>praemissa</span> <span class='ocrx_word' id='word_1_356' title='bbox 1458 1272 1572 1315; x_wconf 83' lang='lat' dir='ltr'>quovis</span> <span class='ocrx_word' id='word_1_357' title='bbox 1612 1273 1710 1305; x_wconf 90' lang='lat' dir='ltr'>modo</span> <span class='ocrx_word' id='word_1_358' title='bbox 1751 1272 1977 1313; x_wconf 56' lang='lat' dir='ltr'>incurret-unu</span> 
     </span>
     <span class='ocr_line' id='line_1_72' title="bbox 1237 1325 1980 1369; baseline 0.003 -12"><span class='ocrx_word' id='word_1_359' title='bbox 1237 1326 1387 1357; x_wconf 79' lang='lat' dir='ltr'>facultate</span> <span class='ocrx_word' id='word_1_360' title='bbox 1414 1336 1543 1368; x_wconf 89' lang='lat' dir='ltr'>quoque</span> <span class='ocrx_word' id='word_1_361' title='bbox 1571 1325 1664 1358; x_wconf 88' lang='lat' dir='ltr'>nobis</span> <span class='ocrx_word' id='word_1_362' title='bbox 1690 1330 1721 1358; x_wconf 90' lang='lat' dir='ltr'>et</span> <span class='ocrx_word' id='word_1_363' title='bbox 1738 1325 1813 1358; x_wconf 88' lang='lat' dir='ltr'>Sedi</span> <span class='ocrx_word' id='word_1_364' title='bbox 1839 1327 1980 1369; x_wconf 85' lang='lat' dir='ltr'>Aposto-</span> 
     </span>
     <span class='ocr_line' id='line_1_73' title="bbox 1237 1378 1980 1422; baseline 0.003 -12"><span class='ocrx_word' id='word_1_365' title='bbox 1237 1378 1317 1411; x_wconf 82' lang='lat' dir='ltr'>lioae</span> <span class='ocrx_word' id='word_1_366' title='bbox 1343 1389 1496 1422; x_wconf 80' lang='lat' dir='ltr'>expresse</span> <span class='ocrx_word' id='word_1_367' title='bbox 1533 1380 1722 1418; x_wconf 80' lang='lat' dir='ltr'>reservata,</span> <span class='ocrx_word' id='word_1_368' title='bbox 1747 1383 1906 1421; x_wconf 87' lang='lat' dir='ltr'>quatenns</span> <span class='ocrx_word' id='word_1_369' title='bbox 1932 1379 1980 1412; x_wconf 92' lang='lat' dir='ltr'>illi</span> 
     </span>
     <span class='ocr_line' id='line_1_74' title="bbox 1238 1431 1982 1470; baseline 0.001 -6"><span class='ocrx_word' id='word_1_370' title='bbox 1238 1431 1370 1464; x_wconf 88' lang='lat' dir='ltr'>minime</span> <span class='ocrx_word' id='word_1_371' title='bbox 1408 1431 1567 1464; x_wconf 80' lang='lat' dir='ltr'>redierint</span> <span class='ocrx_word' id='word_1_372' title='bbox 1593 1431 1632 1464; x_wconf 93' lang='lat' dir='ltr'>ad</span> <span class='ocrx_word' id='word_1_373' title='bbox 1658 1442 1731 1470; x_wconf 84' lang='lat' dir='ltr'>cor,</span> <span class='ocrx_word' id='word_1_374' title='bbox 1758 1431 1825 1464; x_wconf 90' lang='lat' dir='ltr'>suis</span> <span class='ocrx_word' id='word_1_375' title='bbox 1850 1432 1924 1465; x_wconf 91' lang='lat' dir='ltr'>loco</span> <span class='ocrx_word' id='word_1_376' title='bbox 1950 1437 1982 1465; x_wconf 87' lang='lat' dir='ltr'>et</span> 
     </span>
     <span class='ocr_line' id='line_1_75' title="bbox 1238 1484 1981 1528; baseline 0.001 -11"><span class='ocrx_word' id='word_1_377' title='bbox 1238 1490 1387 1528; x_wconf 84' lang='lat' dir='ltr'>tempore</span> <span class='ocrx_word' id='word_1_378' title='bbox 1414 1485 1568 1518; x_wconf 83' lang='lat' dir='ltr'>adversus</span> <span class='ocrx_word' id='word_1_379' title='bbox 1593 1484 1667 1518; x_wconf 88' lang='lat' dir='ltr'>illos</span> <span class='ocrx_word' id='word_1_380' title='bbox 1686 1485 1725 1518; x_wconf 89' lang='lat' dir='ltr'>ad</span> <span class='ocrx_word' id='word_1_381' title='bbox 1743 1485 1806 1518; x_wconf 84' lang='lat' dir='ltr'>alia</span> <span class='ocrx_word' id='word_1_382' title='bbox 1823 1484 1981 1518; x_wconf 86' lang='lat' dir='ltr'>canonica</span> 
     </span>
     <span class='ocr_line' id='line_1_76' title="bbox 1238 1538 1871 1581; baseline 0 -10"><span class='ocrx_word' id='word_1_383' title='bbox 1238 1544 1270 1571; x_wconf 85' lang='lat' dir='ltr'>et</span> <span class='ocrx_word' id='word_1_384' title='bbox 1294 1538 1459 1571; x_wconf 76' lang='lat' dir='ltr'>severiora</span> <span class='ocrx_word' id='word_1_385' title='bbox 1484 1538 1631 1571; x_wconf 88' lang='lat' dir='ltr'>remedia</span> <span class='ocrx_word' id='word_1_386' title='bbox 1657 1538 1871 1581; x_wconf 88' lang='lat' dir='ltr'>procedendi.</span> 
     </span>
    </p>

    <p class='ocr_par' dir='ltr' id='par_1_9' title="bbox 1238 1591 1984 2530">
     <span class='ocr_line' id='line_1_77' title="bbox 1282 1591 1980 1634; baseline 0 -11"><span class='ocrx_word' id='word_1_387' title='bbox 1282 1592 1296 1633; x_wconf 63' lang='grc' dir='ltr'>ξ</span> <span class='ocrx_word' id='word_1_388' title='bbox 1322 1591 1353 1623; x_wconf 82' lang='grc'>5.</span> <span class='ocrx_word' id='word_1_389' title='bbox 1373 1591 1606 1631; x_wconf 85' lang='lat' dir='ltr'>Deeerncntes,</span> <span class='ocrx_word' id='word_1_390' title='bbox 1633 1591 1763 1624; x_wconf 87' lang='lat' dir='ltr'>easdem</span> <span class='ocrx_word' id='word_1_391' title='bbox 1789 1595 1980 1634; x_wconf 87' lang='lat' dir='ltr'>praesentes</span> 
     </span>
     <span class='ocr_line' id='line_1_78' title="bbox 1238 1645 1980 1689; baseline 0.001 -13"><span class='ocrx_word' id='word_1_392' title='bbox 1238 1645 1362 1677; x_wconf 85' lang='lat' dir='ltr'>litteras</span> <span class='ocrx_word' id='word_1_393' title='bbox 1388 1651 1420 1677; x_wconf 92' lang='lat' dir='ltr'>et</span> <span class='ocrx_word' id='word_1_394' title='bbox 1444 1645 1475 1676; x_wconf 89' lang='lat' dir='ltr'>in</span> <span class='ocrx_word' id='word_1_395' title='bbox 1502 1645 1547 1677; x_wconf 88' lang='lat' dir='ltr'>eis</span> <span class='ocrx_word' id='word_1_396' title='bbox 1572 1650 1724 1678; x_wconf 86' lang='lat' dir='ltr'>contenta</span> <span class='ocrx_word' id='word_1_397' title='bbox 1743 1655 1980 1689; x_wconf 85' lang='lat' dir='ltr'>quaecumque,</span> 
     </span>
     <span class='ocr_line' id='line_1_79' title="bbox 1238 1698 1979 1741; baseline 0.001 -11"><span class='ocrx_word' id='word_1_398' title='bbox 1238 1698 1333 1731; x_wconf 79' lang='lat' dir='ltr'>ctiam</span> <span class='ocrx_word' id='word_1_399' title='bbox 1360 1708 1394 1730; x_wconf 84' lang='lat' dir='ltr'>ex</span> <span class='ocrx_word' id='word_1_400' title='bbox 1423 1708 1461 1730; x_wconf 89' lang='lat' dir='ltr'>eo</span> <span class='ocrx_word' id='word_1_401' title='bbox 1480 1698 1565 1740; x_wconf 84' lang='lat' dir='ltr'>quod</span> <span class='ocrx_word' id='word_1_402' title='bbox 1586 1698 1723 1741; x_wconf 84' lang='lat' dir='ltr'>quilibet</span> <span class='ocrx_word' id='word_1_403' title='bbox 1740 1698 1772 1730; x_wconf 90' lang='lat' dir='ltr'>in</span> <span class='ocrx_word' id='word_1_404' title='bbox 1790 1698 1979 1741; x_wconf 82' lang='lat' dir='ltr'>praemissis</span> 
     </span>
     <span class='ocr_line' id='line_1_80' title="bbox 1240 1751 1980 1794; baseline 0.001 -11"><span class='ocrx_word' id='word_1_405' title='bbox 1240 1751 1395 1784; x_wconf 87' lang='lat' dir='ltr'>interesse</span> <span class='ocrx_word' id='word_1_406' title='bbox 1422 1751 1581 1783; x_wconf 85' lang='lat' dir='ltr'>habentes</span> <span class='ocrx_word' id='word_1_407' title='bbox 1612 1761 1668 1784; x_wconf 89' lang='lat' dir='ltr'>seu</span> <span class='ocrx_word' id='word_1_408' title='bbox 1700 1751 1822 1784; x_wconf 84' lang='lat' dir='ltr'>habere</span> <span class='ocrx_word' id='word_1_409' title='bbox 1844 1761 1980 1794; x_wconf 87' lang='lat' dir='ltr'>quomo-</span> 
     </span>
     <span class='ocr_line' id='line_1_81' title="bbox 1239 1803 1981 1848; baseline 0 -11"><span class='ocrx_word' id='word_1_410' title='bbox 1239 1804 1364 1837; x_wconf 82' lang='lat' dir='ltr'>dolibet</span> <span class='ocrx_word' id='word_1_411' title='bbox 1399 1804 1673 1847; x_wconf 85' lang='lat' dir='ltr'>praetendentes,</span> <span class='ocrx_word' id='word_1_412' title='bbox 1702 1805 1800 1837; x_wconf 87' lang='lat' dir='ltr'>etiam</span> <span class='ocrx_word' id='word_1_413' title='bbox 1831 1803 1981 1848; x_wconf 68' lang='lat' dir='ltr'>specifica</span> 
     </span>
     <span class='ocr_line' id='line_1_82' title="bbox 1239 1856 1981 1900; baseline 0.001 -11"><span class='ocrx_word' id='word_1_414' title='bbox 1239 1863 1270 1889; x_wconf 92' lang='lat' dir='ltr'>et</span> <span class='ocrx_word' id='word_1_415' title='bbox 1295 1856 1462 1890; x_wconf 71' lang='lat' dir='ltr'>individua</span> <span class='ocrx_word' id='word_1_416' title='bbox 1496 1857 1663 1890; x_wconf 83' lang='lat' dir='ltr'>mentione</span> <span class='ocrx_word' id='word_1_417' title='bbox 1690 1857 1799 1900; x_wconf 77' lang='lat' dir='ltr'>digni,</span> <span class='ocrx_word' id='word_1_418' title='bbox 1826 1857 1890 1890; x_wconf 91' lang='lat' dir='ltr'>illis</span> <span class='ocrx_word' id='word_1_419' title='bbox 1916 1867 1981 1890; x_wconf 90' lang='lat' dir='ltr'>non</span> 
     </span>
     <span class='ocr_line' id='line_1_83' title="bbox 1240 1910 1979 1951; baseline -0.003 -8"><span class='ocrx_word' id='word_1_420' title='bbox 1240 1910 1485 1949; x_wconf 85' lang='lat' dir='ltr'>consenserint,</span> <span class='ocrx_word' id='word_1_421' title='bbox 1511 1921 1570 1943; x_wconf 80' lang='lat' dir='ltr'>nec</span> <span class='ocrx_word' id='word_1_422' title='bbox 1598 1911 1635 1942; x_wconf 88' lang='lat' dir='ltr'>ad</span> <span class='ocrx_word' id='word_1_423' title='bbox 1671 1921 1707 1943; x_wconf 91' lang='lat' dir='ltr'>ea</span> <span class='ocrx_word' id='word_1_424' title='bbox 1739 1910 1866 1951; x_wconf 83' lang='lat' dir='ltr'>vocati,</span> <span class='ocrx_word' id='word_1_425' title='bbox 1894 1910 1979 1943; x_wconf 87' lang='lat' dir='ltr'>citati</span> 
     </span>
     <span class='ocr_line' id='line_1_84' title="bbox 1240 1962 1981 2006; baseline 0 -11"><span class='ocrx_word' id='word_1_426' title='bbox 1240 1968 1272 1995; x_wconf 84' lang='lat' dir='ltr'>et</span> <span class='ocrx_word' id='word_1_427' title='bbox 1296 1962 1407 2002; x_wconf 88' lang='lat' dir='ltr'>auditi,</span> <span class='ocrx_word' id='word_1_428' title='bbox 1428 1973 1618 2006; x_wconf 70' lang='lat' dir='ltr'>causaeque,</span> <span class='ocrx_word' id='word_1_429' title='bbox 1635 1967 1772 2005; x_wconf 87' lang='lat' dir='ltr'>propter</span> <span class='ocrx_word' id='word_1_430' title='bbox 1789 1972 1867 2005; x_wconf 84' lang='lat' dir='ltr'>quas</span> <span class='ocrx_word' id='word_1_431' title='bbox 1885 1972 1981 2005; x_wconf 86' lang='lat' dir='ltr'>prac-</span> 
     </span>
     <span class='ocr_line' id='line_1_85' title="bbox 1240 2015 1980 2054; baseline -0.003 -6"><span class='ocrx_word' id='word_1_432' title='bbox 1240 2021 1347 2049; x_wconf 89' lang='lat' dir='ltr'>sentes</span> <span class='ocrx_word' id='word_1_433' title='bbox 1375 2015 1568 2054; x_wconf 84' lang='lat' dir='ltr'>emanarint,</span> <span class='ocrx_word' id='word_1_434' title='bbox 1588 2016 1790 2048; x_wconf 82' lang='lat' dir='ltr'>sufficienter</span> <span class='ocrx_word' id='word_1_435' title='bbox 1814 2015 1980 2054; x_wconf 73' lang='lat' dir='ltr'>adductae,</span> 
     </span>
     <span class='ocr_line' id='line_1_86' title="bbox 1239 2067 1980 2106; baseline 0 -6"><span class='ocrx_word' id='word_1_436' title='bbox 1239 2067 1421 2100; x_wconf 68' lang='lat' dir='ltr'>verificatae</span> <span class='ocrx_word' id='word_1_437' title='bbox 1458 2072 1489 2100; x_wconf 85' lang='lat' dir='ltr'>et</span> <span class='ocrx_word' id='word_1_438' title='bbox 1526 2067 1717 2100; x_wconf 80' lang='lat' dir='ltr'>iustificatae</span> <span class='ocrx_word' id='word_1_439' title='bbox 1751 2078 1817 2100; x_wconf 91' lang='lat' dir='ltr'>non</span> <span class='ocrx_word' id='word_1_440' title='bbox 1843 2067 1980 2106; x_wconf 83' lang='lat' dir='ltr'>suerint,</span> 
     </span>
     <span class='ocr_line' id='line_1_87' title="bbox 1241 2119 1983 2163; baseline 0 -10"><span class='ocrx_word' id='word_1_441' title='bbox 1241 2125 1294 2153; x_wconf 91' lang='lat' dir='ltr'>aut</span> <span class='ocrx_word' id='word_1_442' title='bbox 1320 2131 1355 2153; x_wconf 84' lang='lat' dir='ltr'>ex</span> <span class='ocrx_word' id='word_1_443' title='bbox 1383 2120 1443 2153; x_wconf 77' lang='lat' dir='ltr'>alia</span> <span class='ocrx_word' id='word_1_444' title='bbox 1470 2119 1618 2163; x_wconf 90' lang='lat' dir='ltr'>qualibet</span> <span class='ocrx_word' id='word_1_445' title='bbox 1647 2120 1744 2152; x_wconf 87' lang='lat' dir='ltr'>etiam</span> <span class='ocrx_word' id='word_1_446' title='bbox 1779 2119 1983 2163; x_wconf 84' lang='lat' dir='ltr'>quantumvis</span> 
     </span>
     <span class='ocr_line' id='line_1_88' title="bbox 1241 2172 1980 2215; baseline -0.001 -9"><span class='ocrx_word' id='word_1_447' title='bbox 1241 2173 1375 2206; x_wconf 75' lang='lat' dir='ltr'>juridica</span> <span class='ocrx_word' id='word_1_448' title='bbox 1412 2178 1442 2205; x_wconf 94' lang='lat' dir='ltr'>et</span> <span class='ocrx_word' id='word_1_449' title='bbox 1479 2172 1682 2215; x_wconf 78' lang='lat' dir='ltr'>privilegiata</span> <span class='ocrx_word' id='word_1_450' title='bbox 1707 2174 1822 2213; x_wconf 75' lang='lat' dir='ltr'>causa,</span> <span class='ocrx_word' id='word_1_451' title='bbox 1848 2173 1956 2206; x_wconf 89' lang='lat' dir='ltr'>colore</span> <span class='ocrx_word' id='word_1_452' title='bbox 1973 2199 1980 2212; x_wconf 94' lang='lat'><em>,</em></span> 
     </span>
     <span class='ocr_line' id='line_1_89' title="bbox 1240 2225 1982 2270; baseline -0.001 -11"><span class='ocrx_word' id='word_1_453' title='bbox 1240 2231 1409 2270; x_wconf 80' lang='lat' dir='ltr'>praetextu</span> <span class='ocrx_word' id='word_1_454' title='bbox 1436 2230 1468 2259; x_wconf 88' lang='lat' dir='ltr'>et</span> <span class='ocrx_word' id='word_1_455' title='bbox 1494 2225 1599 2269; x_wconf 85' lang='lat' dir='ltr'>capite</span> <span class='ocrx_word' id='word_1_456' title='bbox 1617 2252 1624 2265; x_wconf 93' lang='lat'>‚</span> <span class='ocrx_word' id='word_1_457' title='bbox 1649 2225 1745 2258; x_wconf 88' lang='lat' dir='ltr'>etiam</span> <span class='ocrx_word' id='word_1_458' title='bbox 1778 2225 1809 2258; x_wconf 88' lang='lat' dir='ltr'>iu</span> <span class='ocrx_word' id='word_1_459' title='bbox 1843 2235 1982 2268; x_wconf 85' lang='lat' dir='ltr'>corpore</span> 
     </span>
     <span class='ocr_line' id='line_1_90' title="bbox 1241 2270 1983 2318; baseline -0.001 -7"><span class='ocrx_word' id='word_1_460' title='bbox 1241 2279 1319 2312; x_wconf 88' lang='lat' dir='ltr'>iuris</span> <span class='ocrx_word' id='word_1_461' title='bbox 1344 2280 1475 2318; x_wconf 87' lang='lat' dir='ltr'>clauso,</span> <span class='ocrx_word' id='word_1_462' title='bbox 1502 2278 1597 2311; x_wconf 89' lang='lat' dir='ltr'>etiam</span> <span class='ocrx_word' id='word_1_463' title='bbox 1635 2278 1797 2318; x_wconf 84' lang='lat' dir='ltr'>enormis,</span> <span class='ocrx_word' id='word_1_464' title='bbox 1824 2270 1983 2310; x_wconf 81' lang='lat' dir='ltr'>enormis-</span> 
     </span>
     <span class='ocr_line' id='line_1_91' title="bbox 1240 2330 1982 2374; baseline -0.003 -10"><span class='ocrx_word' id='word_1_465' title='bbox 1240 2332 1342 2365; x_wconf 86' lang='lat' dir='ltr'>simae</span> <span class='ocrx_word' id='word_1_466' title='bbox 1370 2337 1401 2365; x_wconf 85' lang='lat' dir='ltr'>et</span> <span class='ocrx_word' id='word_1_467' title='bbox 1423 2331 1530 2365; x_wconf 85' lang='lat' dir='ltr'>totalis</span> <span class='ocrx_word' id='word_1_468' title='bbox 1550 2330 1716 2371; x_wconf 83' lang='lat' dir='ltr'>laesionis,</span> <span class='ocrx_word' id='word_1_469' title='bbox 1730 2332 1820 2364; x_wconf 90' lang='lat' dir='ltr'>nullo</span> <span class='ocrx_word' id='word_1_470' title='bbox 1839 2340 1982 2374; x_wconf 88' lang='lat' dir='ltr'>unquam</span> 
     </span>
     <span class='ocr_line' id='line_1_92' title="bbox 1242 2383 1982 2429; baseline -0.003 -12"><span class='ocrx_word' id='word_1_471' title='bbox 1242 2390 1390 2429; x_wconf 85' lang='lat' dir='ltr'>tempore</span> <span class='ocrx_word' id='word_1_472' title='bbox 1412 2385 1451 2417; x_wconf 92' lang='lat' dir='ltr'>de</span> <span class='ocrx_word' id='word_1_473' title='bbox 1469 2384 1692 2427; x_wconf 88' lang='lat' dir='ltr'>subreptionis</span> <span class='ocrx_word' id='word_1_474' title='bbox 1709 2384 1760 2416; x_wconf 89' lang='lat' dir='ltr'>vel</span> <span class='ocrx_word' id='word_1_475' title='bbox 1779 2383 1982 2426; x_wconf 90' lang='lat' dir='ltr'>obreptionis</span> 
     </span>
     <span class='ocr_line' id='line_1_93' title="bbox 1241 2435 1984 2476; baseline -0.004 -6"><span class='ocrx_word' id='word_1_476' title='bbox 1241 2443 1295 2471; x_wconf 89' lang='lat' dir='ltr'>aut</span> <span class='ocrx_word' id='word_1_477' title='bbox 1319 2437 1478 2470; x_wconf 87' lang='lat' dir='ltr'>nullitatis</span> <span class='ocrx_word' id='word_1_478' title='bbox 1503 2437 1602 2476; x_wconf 80' lang='lat' dir='ltr'>vitio,</span> <span class='ocrx_word' id='word_1_479' title='bbox 1629 2447 1683 2469; x_wconf 88' lang='lat' dir='ltr'>seu</span> <span class='ocrx_word' id='word_1_480' title='bbox 1710 2435 1901 2468; x_wconf 87' lang='lat' dir='ltr'>intentionis</span> <span class='ocrx_word' id='word_1_481' title='bbox 1925 2446 1984 2468; x_wconf 92' lang='lat' dir='ltr'>no-</span> 
     </span>
     <span class='ocr_line' id='line_1_94' title="bbox 1240 2488 1983 2530; baseline -0.004 -7"><span class='ocrx_word' id='word_1_482' title='bbox 1240 2495 1339 2530; x_wconf 84' lang='lat' dir='ltr'>strae,</span> <span class='ocrx_word' id='word_1_483' title='bbox 1365 2491 1415 2522; x_wconf 88' lang='lat' dir='ltr'>vel</span> <span class='ocrx_word' id='word_1_484' title='bbox 1442 2490 1599 2522; x_wconf 86' lang='lat' dir='ltr'>interesse</span> <span class='ocrx_word' id='word_1_485' title='bbox 1627 2488 1816 2521; x_wconf 87' lang='lat' dir='ltr'>habentium</span> <span class='ocrx_word' id='word_1_486' title='bbox 1842 2497 1983 2521; x_wconf 90' lang='lat' dir='ltr'>consen-</span> 
     </span>
    </p>
   </div>
   <div class='ocr_carea' id='block_1_7' title="bbox 2018 1599 2137 1622">
    <p class='ocr_par' dir='ltr' id='par_1_10' title="bbox 2018 1599 2137 1622">
     <span class='ocr_line' id='line_1_95' title="bbox 2018 1599 2137 1622; baseline -0.008 -3"><span class='ocrx_word' id='word_1_487' title='bbox 2018 1599 2137 1622; x_wconf 63' lang='lat' dir='ltr'>Clausulas,</span> 
     </span>
    </p>
   </div>
   <div class='ocr_carea' id='block_1_8' title="bbox 458 2540 1983 2586">
    <p class='ocr_par' dir='ltr' id='par_1_11' title="bbox 458 2540 1983 2586">
     <span class='ocr_line' id='line_1_96' title="bbox 458 2540 1983 2586; baseline -0.003 -7"><span class='ocrx_word' id='word_1_488' title='bbox 458 2557 546 2586; x_wconf 76' lang='lat' dir='ltr'>mus,</span> <span class='ocrx_word' id='word_1_489' title='bbox 574 2556 781 2585; x_wconf 64' lang='lat' dir='ltr'>revocamUS,</span> <span class='ocrx_word' id='word_1_490' title='bbox 809 2556 990 2585; x_wconf 57' lang='lat' dir='ltr'>cassanum,</span> <span class='ocrx_word' id='word_1_491' title='bbox 1016 2545 1197 2583; x_wconf 85' lang='lat' dir='ltr'>irritamus,</span> <span class='ocrx_word' id='word_1_492' title='bbox 1240 2543 1331 2584; x_wconf 69' lang='lat' dir='ltr'>sus&#39;,</span> <span class='ocrx_word' id='word_1_493' title='bbox 1351 2543 1454 2575; x_wconf 89' lang='lat' dir='ltr'>aliove</span> <span class='ocrx_word' id='word_1_494' title='bbox 1479 2542 1629 2584; x_wconf 87' lang='lat' dir='ltr'>quolibet</span> <span class='ocrx_word' id='word_1_495' title='bbox 1658 2540 1752 2573; x_wconf 83' lang='lat' dir='ltr'>etiam</span> <span class='ocrx_word' id='word_1_496' title='bbox 1779 2541 1983 2583; x_wconf 80' lang='lat' dir='ltr'>quantumvis</span> 
     </span>
    </p>
   </div>
   <div class='ocr_carea' id='block_1_9' title="bbox 497 2607 930 2643">
    <p class='ocr_par' dir='ltr' id='par_1_12' title="bbox 497 2607 930 2643">
     <span class='ocr_line' id='line_1_97' title="bbox 497 2607 930 2643; baseline -0.005 -9"><span class='ocrx_word' id='word_1_497' title='bbox 497 2611 504 2635; x_wconf 86' lang='lat'><strong>1</strong></span> <span class='ocrx_word' id='word_1_498' title='bbox 530 2607 623 2643; x_wconf 64' lang='lat' dir='ltr'>Aptius</span> <span class='ocrx_word' id='word_1_499' title='bbox 644 2608 704 2642; x_wconf 78' lang='lat' dir='ltr'>lcgc</span> <span class='ocrx_word' id='word_1_500' title='bbox 724 2607 798 2640; x_wconf 75' lang='lat' dir='ltr'>facea</span> <span class='ocrx_word' id='word_1_501' title='bbox 822 2607 861 2641; x_wconf 79' lang='lat' dir='ltr'>(u.</span> <span class='ocrx_word' id='word_1_502' title='bbox 883 2607 930 2633; x_wconf 77' lang='grc' dir='ltr'>τ.’.</span> 
     </span>
    </p>
   </div>
   <div class='ocr_carea' id='block_1_10' title="bbox 1281 2602 1826 2640">
    <p class='ocr_par' dir='ltr' id='par_1_13' title="bbox 1281 2602 1826 2640">
     <span class='ocr_line' id='line_1_98' title="bbox 1281 2602 1826 2640; baseline -0.004 -9"><span class='ocrx_word' id='word_1_503' title='bbox 1281 2606 1286 2631; x_wconf 95' lang='lat' dir='ltr'>l</span> <span class='ocrx_word' id='word_1_504' title='bbox 1313 2604 1360 2632; x_wconf 84' lang='lat' dir='ltr'>Ed.</span> <span class='ocrx_word' id='word_1_505' title='bbox 1378 2604 1459 2632; x_wconf 81' lang='lat' dir='ltr'>lllain.</span> <span class='ocrx_word' id='word_1_506' title='bbox 1476 2604 1544 2640; x_wconf 80' lang='lat' dir='ltr'>legit</span> <span class='ocrx_word' id='word_1_507' title='bbox 1561 2611 1698 2632; x_wconf 76' lang='lat' dir='ltr'>consensu</span> <span class='ocrx_word' id='word_1_508' title='bbox 1719 2604 1756 2638; x_wconf 82' lang='lat' dir='ltr'>(n.</span> <span class='ocrx_word' id='word_1_509' title='bbox 1777 2602 1826 2638; x_wconf 79' lang='lat' dir='ltr'>T.).</span> 
     </span>
    </p>
   </div>
  </div>
 </body>
</html>
