2170 3147
236 214 285 240 An.
303 213 333 240 C.
356 213 424 240 1726

271 1818 420 1846 Approbantur

236 1847 340 1873 praedicti
377 1851 419 1866 mo-

236 1875 324 1894 nasta-eru
343 1875 420 1893 consti-

236 1900 329 1920 tationes
340 1906 378 1921 seu
389 1905 420 1920 re-

236 1928 306 1952 gulae.

307 2403 420 2426 clausulae

235 2432 350 2458 speciales.

472 203 536 237 388

432 379 483 401 me
510 369 690 412 requisita),
709 369 866 412 quodque
885 370 1040 412 priorissa
1060 375 1089 402 et
1109 380 1176 402 mo·

432 422 534 454 uiales
559 432 646 454 nuuc
672 427 702 454 et
728 432 789 465 pro
816 427 963 465 tempore
1001 422 1197 455 existentest

432 475 596 518 praefatae
623 475 774 508 omnibus
804 480 837 508 et
870 475 1008 518 singulis
1044 476 1173 519 privile-

433 528 492 570 giis
512 555 518 566 ,

431 581 612 624 ptionibus‚
631 582 874 624 praerogativis,
894 582 1174 626 praeeminentiis,

432 634 697 673 antelationibus,
725 635 1004 672 concessionibus,
1027 635 1173 675 indultis,
1196 626 1197 636 ¹

432 686 670 729 indulgentiis,
698 688 861 720 favoribus
893 694 925 721 et
957 688 1069 731 gratiis
1107 688 1176 720 uni-

431 741 536 773 versis
561 746 624 773 tani
652 741 876 784 spiritualibus
902 752 998 785 quam
1018 748 1175 786 tempora-

432 794 544 833 libus,
573 796 690 838 quibus
717 795 799 828 aliae
825 796 983 828 moniales
1018 796 1093 828 dicti
1118 795 1175 829 Or-

433 847 540 885 dinis,
565 848 598 880 in
625 859 744 890 genere
770 850 820 882 vcl
847 849 879 881 in
912 847 1041 892 specie,
1078 849 1173 882 etiam

432 912 492 944 per
517 902 597 934 viam
617 903 775 945 simplicis
791 902 1102 941 communicationis,
1122 908 1176 935 aut

433 953 509 986 alias
536 955 785 996 quomodolibet
810 961 945 987 utuntur
966 982 972 995 ‚
996 955 1172 996 fruuntur,

432 1008 601 1050 potiuntur
628 1015 658 1041 et
699 1009 860 1050 gaudent,
899 1019 935 1040 ac
973 1008 1046 1048 uti,
1084 1009 1173 1048 frui,

433 1061 528 1102 potiri
557 1067 587 1093 et
613 1062 755 1102 «gaudere
789 1067 921 1104 possunt
959 1067 991 1094 et
1022 1067 1176 1104 poterunt

433 1115 677 1156 quomodolibet
730 1114 760 1146 in
803 1116 945 1146 futurum
976 1141 984 1154 ,
1025 1114 1175 1147 similiter

433 1174 464 1200 ct
490 1168 785 1210 1·;·i·it·0t·miter‚ac
803 1168 926 1210 absque
952 1169 1017 1200 ulla
1042 1178 1175 1210 prorsus

433 1222 630 1258 diitewntia,
658 1221 716 1259 uti,
743 1221 823 1260 srui,
852 1221 946 1263 potiri
975 1227 1006 1253 et
1032 1221 1174 1263 gaudere

432 1274 555 1316 possint
583 1279 613 1306 et
640 1276 792 1313 valeant,
818 1273 849 1305 in
878 1274 1030 1306 omnibus
1058 1279 1089 1306 et
1117 1283 1175 1316 per

432 1327 560 1365 omnia,
588 1327 764 1360 dummodo
793 1332 899 1359 tamen
926 1328 978 1360 illa
1004 1337 1061 1359 seu
1099 1327 1173 1360 illae

432 1380 495 1412 sint
522 1380 551 1412 in
579 1390 638 1412 usu
666 1385 697 1412 et
722 1390 787 1412 non
814 1386 966 1413 revocata
991 1391 1047 1413 seu
1083 1391 1175 1413 revo-

433 1439 533 1471 catae,
556 1443 615 1466 nec
641 1433 699 1466 sub
726 1433 833 1476 aliqua
859 1433 1067 1466 revocatione
1090 1444 1176 1466 com-

433 1487 620 1529 prehensa,
647 1497 683 1518 ac
707 1487 807 1519 sacris
833 1486 1012 1519 canonibus
1039 1492 1070 1519 et
1095 1486 1175 1520 Con-

433 1540 497 1572 cilii
524 1539 706 1572 Tridentini
733 1540 871 1573 decretis
889 1546 920 1572 et
940 1539 1176 1573 constitutioni-

432 1593 493 1625 bus
509 1593 698 1636 apostolicis
718 1593 860 1636 dictique
876 1592 1004 1626 Ordinis
1019 1593 1173 1627 institutis

433 1657 498 1680 non
525 1647 750 1687 adversentur,
778 1647 891 1680 eadem
918 1647 1096 1691 apostolica
1122 1659 1174 1681 au-

433 1700 583 1733 ctoritate
609 1700 759 1734 similiter
784 1706 945 1744 perpetuo
965 1700 1174 1734 concedimus

433 1759 465 1786 et
488 1754 711 1797 indulgemus.

476 1812 490 1854 ς
515 1811 545 1843 5.
574 1811 706 1845 Necnon
731 1811 982 1845 constitutiones
1007 1817 1061 1845 aut
1086 1812 1174 1845 ordi-

432 1864 579 1898 nationes
599 1876 655 1898 seu
675 1866 805 1908 regulas
823 1865 1014 1898 huiusmodi
1031 1875 1101 1909 pro,
1123 1865 1174 1897 fir-

431 1918 526 1952 miori
552 1918 680 1951 illarum
707 1918 871 1952 validitate
897 1924 927 1952 et
951 1918 1170 1959 subsistentia,

432 1972 610 2015 apostolica
650 1972 843 2005 auctoritate
892 1973 1037 2016 praefata
1077 1972 1173 2005 etiam

431 2031 591 2068 perpetuo
618 2026 836 2068 approbamus
862 2031 894 2058 et
918 2025 1144 2058 confirmamus
1164 2053 1170 2067 ,

430 2078 563 2121 illisque
582 2078 780 2112 inviolabilis
796 2084 828 2112 et
844 2079 1082 2121 irrefragabilis
1100 2089 1174 2122 apo-

431 2132 568 2164 stolicae
594 2132 755 2165 firmitatis
780 2133 900 2173 robur,
927 2132 991 2166 vim
1016 2137 1049 2165 et
1066 2132 1173 2165 essica-

545 528 759 568 facultatibus,
779 528 1051 567 immunitatibus,
1068 540 1175 562 exem·
1196 537 1197 554 l

1015 213 1196 237 BULLARIUM
1222 213 1377 237 ROMANUM

433 262 556 295 litatem
581 266 769 295 convertere
786 289 793 298 ,
821 261 1008 295 dioecesani
1035 262 1098 295 loci
1124 263 1173 295 vel
1196 262 1198 287 t

433 316 572 348 cuiusvis
598 315 729 348 alterius
754 315 884 348 licentia
910 316 1052 357 desuper
1081 316 1174 348 mini-
1196 306 1197 328 ³

1219 262 1384 305 quibusvis
1410 262 1563 297 similium
1590 264 1639 297 vel
1666 263 1868 297 dissimilium
1894 274 1960 306 gra-

1220 317 1335 349 tiarum
1362 317 1624 350 revocationibus
1643 344 1650 357 ,
1676 317 1957 361 suspensionibus,

1219 370 1491 410 liunt-titionibus,
1518 371 1784 413 derogationibus
1810 377 1864 405 aut
1889 372 1961 405 aliis

1219 424 1393 456 contrariis
1408 424 1684 466 dispositionibus,
1703 435 1763 468 per
1780 435 1838 457 nos
1858 429 1890 457 et
1906 425 1961 458 Se-

1220 476 1292 509 dem
1310 477 1528 519 Apostolicam
1544 477 1732 519 praefatam,
1751 477 1809 510 sub
1826 477 1961 520 quibus-

1219 540 1354 573 cumque
1380 531 1547 563 tenoribus
1580 536 1612 563 et
1647 531 1784 570 formis,
1816 541 1852 563 ac
1888 542 1960 564 cum

1219 583 1385 626 quibusvis
1412 584 1564 615 clausulis
1598 588 1629 616 et
1662 583 1826 622 decretis,
1863 583 1960 617 etiarn

1219 640 1305 669 motu
1333 636 1429 669 simili
1450 663 1456 675 ,
1483 641 1515 669 et
1540 637 1579 669 de
1605 636 1740 669 scientia
1765 637 1961 680 etapostoli·

1219 700 1275 722 cae
1302 689 1472 732 potestatis
1498 689 1705 731 plenitudine
1731 690 1874 733 paribus,
1899 700 1959 733 pro

1221 747 1367 784 tempore
1387 741 1475 774 factis
1490 747 1520 775 et
1538 742 1704 782 faciendis,
1722 743 1958 786 comprehendi

1219 796 1267 828 vel
1294 795 1469 834 confundi,
1497 795 1574 834 sed,
1600 800 1762 838 tamquam
1789 796 1827 828 ad
1853 796 1959 830 maius

1220 848 1320 881 divini
1342 850 1447 882 cultus
1461 855 1691 891 augumentum
1714 850 1811 882 factas
1829 855 1860 883 et
1877 861 1961 883 ema-

1221 908 1319 941 natas,
1339 913 1469 945 semper
1487 903 1526 934 ab
1545 903 1608 935 illis
1627 903 1749 946 excipi,
1770 908 1811 937 et,
1833 903 1960 946 quoties

1219 955 1293 988 illae
1320 955 1524 993 emanabunt,
1551 955 1645 988 toties
1670 955 1703 988 in
1729 956 1901 998 pristinum
1929 962 1961 989 et

1220 1008 1452 1041 validissimum
1471 1015 1587 1041 statum
1603 1009 1782 1050 restitutas,
1799 1009 1958 1053 repositas

1221 1069 1252 1096 et
1278 1063 1425 1106 plenarie
1452 1064 1671 1105 reintegratas
1690 1090 1697 1103 ‚
1731 1073 1766 1096 ac
1799 1064 1838 1096 de
1875 1074 1959 1097 novo

1220 1116 1315 1148 etiam
1343 1116 1401 1148 sub
1428 1126 1634 1159 quacumque
1671 1115 1847 1158 posteriori
1885 1116 1960 1149 data

1220 1180 1278 1212 per
1312 1180 1397 1201 nunc
1434 1175 1466 1201 et
1501 1180 1560 1212 pro
1599 1174 1746 1212 tempore
1784 1169 1960 1202 existentes

1219 1224 1410 1265 priorissam
1437 1229 1468 1255 et
1484 1223 1643 1255 moniales
1663 1223 1852 1255 monasterii
1872 1233 1960 1266 prae-

1221 1275 1273 1308 sati
1301 1276 1572 1319 quandocumque
1599 1276 1750 1318 eligenda
1772 1286 1957 1316 concessas,

1220 1340 1256 1362 ac
1282 1329 1402 1362 validas
1421 1336 1452 1362 et
1469 1329 1616 1362 efficaces
1636 1330 1704 1362 sore
1719 1335 1751 1362 et
1769 1340 1850 1371 esse,
1868 1340 1962 1363 suos-

1221 1393 1283 1426 que
1303 1382 1468 1426 plenarios
1489 1388 1520 1415 et
1538 1383 1682 1426 integros
1701 1382 1832 1416 effectus
1850 1382 1960 1416 sortiri

1220 1442 1253 1468 et
1277 1435 1449 1476 obtinere,
1478 1436 1599 1479 sicque,
1627 1441 1657 1469 et
1683 1446 1748 1469 non
1773 1436 1877 1476 alias,
1902 1445 1962 1479 per

1220 1499 1444 1532 quoscumque
1471 1489 1597 1522 iudices
1625 1488 1808 1522 ordinarios
1834 1490 1885 1522 vel
1911 1488 1962 1522 de-

1220 1543 1366 1585 legatos,
1394 1542 1505 1586 quavis
1531 1542 1723 1575 auctoritate
1761 1542 1934 1584 fungentes
1953 1568 1960 1582 ‚

1220 1597 1317 1629 etiam
1344 1606 1514 1629 causarum
1540 1596 1651 1639 palatii
1677 1595 1851 1639 apostolici
1870 1594 1960 1628 audi-

1219 1655 1314 1690 tores,
1342 1660 1377 1682 ac
1402 1649 1432 1682 S.
1453 1649 1491 1682 R.
1511 1649 1543 1681 E.
1570 1649 1767 1689 cardinales,
1795 1648 1894 1682 etiam
1920 1649 1959 1682 de

1219 1702 1317 1736 latere
1353 1703 1499 1745 legatos,
1533 1702 1756 1745 vicelegatos,
1787 1702 1958 1746 dictaeque

1219 1756 1311 1789 Sedis
1347 1755 1508 1797 nuncios,
1537 1756 1664 1789 sublata
1698 1755 1743 1789 eis
1781 1761 1812 1790 et
1848 1765 1960 1789 eorum

1219 1810 1353 1843 cuilibet
1379 1809 1489 1853 quavis
1514 1809 1608 1842 aliter
1628 1809 1792 1842 iudicandi
1812 1814 1843 1841 ct
1864 1809 1961 1842 inter-

1219 1863 1369 1906 pretandi
1397 1864 1572 1903 facultate,
1606 1863 1740 1896 iudicari
1775 1867 1806 1895 et
1831 1861 1959 1895 definiri

1219 1917 1351 1957 debere,
1368 1923 1407 1957 et,
1422 1916 1447 1949 si
1465 1927 1556 1949 secus
1573 1927 1671 1960 super
1690 1916 1740 1948 his
1754 1928 1770 1949 a
1785 1926 1959 1959 quoquam,

1219 1971 1327 2014 quavis
1364 1971 1580 2012 auctoritate,
1612 1970 1753 2003 scienter
1789 1970 1838 2002 vel
1870 1969 1960 2012 igno-

1218 2029 1348 2064 ranter,
1373 2023 1550 2066 contigerit
1575 2022 1753 2062 attentari,
1780 2021 1909 2054 irritum
1928 2026 1961 2054 et

1217 2077 1313 2110 inane
1340 2082 1428 2109 motu
1454 2076 1525 2120 pari
1552 2075 1769 2109 decernimus.

1262 2130 1323 2173 §,7.
1339 2130 1376 2162 Et
1393 2129 1535 2173 insuper,
1555 2134 1713 2172 quatenus
1732 2138 1814 2172 opus
1832 2128 1881 2170 sit,
1898 2137 1959 2171 pro.

431 2185 512 2217 ciam
539 2185 717 2225 adiicimus,
743 2184 881 2228 illasque
907 2185 945 2218 ab
964 2185 1115 2218 omnibus
1134 2185 1172 2218 ad
1194 2172 1197 2237 ι
1216 2183 1471 2226 praemissorum
1505 2182 1734 2215 observatione
1766 2181 1961 2215 venerabili-

431 2250 512 2282 quas
537 2249 623 2272 nunc
649 2243 776 2283 spectat
801 2243 907 2282 etpro
926 2243 1074 2282 tempore
1092 2249 1173 2282 quo-

430 2292 612 2325 modolibet
637 2292 797 2336 spectabit
821 2291 853 2325 in
870 2291 1175 2333 suturtun,fi1·miter

432 2350 464 2378 et
489 2345 722 2379 inviolabiliter
747 2345 913 2379 observari
939 2351 970 2379 et
987 2345 1172 2389 adimpleri.

476 2399 490 2441 ᾖ
516 2398 547 2431 (i.
567 2399 760 2432 Praesentes
779 2409 910 2443 quoque
928 2400 1018 2433 nullo
1032 2409 1174 2443 unquam

432 2457 583 2495 tempore
608 2453 647 2485 de
674 2452 898 2496 subreptionis
922 2454 972 2486 vel
1009 2452 1175 2496 obreptio-

432 2505 483 2537 nis
509 2510 564 2536 aut
589 2505 746 2537 nullitatis
778 2505 880 2546 vitio,
907 2505 957 2538 vel
981 2506 1173 2539 intentionis

431 2563 563 2591 nostrae
605 2568 660 2591 seu
698 2558 761 2591 alio
802 2569 1009 2602 quocumque
1047 2559 1174 2591 defectu

432 2611 540 2646 notari
561 2638 569 2652 ‚
597 2611 798 2655 impugnari,
823 2611 1004 2655 invalidari,
1031 2622 1092 2647 nec
1115 2612 1173 2647 sub

1217 2236 1278 2270 bus
1297 2237 1450 2271 fratribus
1468 2237 1718 2280 archiepiscopo
1744 2236 1961 2269 Lacaedemo-

1218 2291 1325 2324 niensi
1352 2291 1551 2334 etzepiscopo
1572 2290 1770 2333 Tagastensi,
1787 2301 1824 2323 ac
1842 2290 1960 2323 dilecto

1219 2344 1368 2378 similiter
1393 2343 1460 2377 lilio
1485 2343 1652 2377 Emanueli
1671 2343 1803 2376 Alvares
1825 2342 1955 2384 ciclade,

1219 2399 1377 2432 canonico
1396 2398 1553 2431 ecclesiae
1571 2397 1776 2438 Elborensis,
1802 2402 1893 2430 motu
1917 2395 1959 2429 si-

1218 2452 1286 2485 mili
1299 2463 1358 2496 per
1371 2456 1562 2496 praesentes
1580 2450 1812 2484 committimus
1826 2455 1858 2482 et
1872 2459 1958 2482 man-

1219 2505 1337 2546 damus,
1358 2510 1514 2549 quatenus
1540 2504 1616 2547 ipsi,
1633 2505 1683 2536 vel
1710 2504 1784 2544 duo,
1803 2507 1856 2535 aut
1873 2512 1957 2535 unus

1218 2568 1342 2599 eorum,
1367 2568 1427 2601 per
1447 2568 1494 2599 se,
1512 2558 1560 2590 vel
1575 2556 1686 2597 alium,
1703 2567 1761 2589 seu
1779 2556 1870 2596 alios,
1890 2564 1959 2588 eas-

1218 2612 1293 2646 dem
1315 2615 1506 2655 praesentes
1532 2615 1564 2644 et
1580 2609 1613 2643 in
1631 2609 1676 2643 eis
1690 2613 1843 2643 contenta
1858 2617 1958 2653 quae-

1969 215 2019 242 An.
2035 214 2063 242 C.
2085 216 2153 245 1726

2022 2135 2154 2162 Deputantur

1971 2164 2106 2189 exquutotes.
