2170 3147
8 189 57 214 Αιι.
78 187 105 213 C.
123 186 190 213 ¹724

770 188 962 211 EENEDICTL'S

200 234 336 267 Marcum
356 239 387 266 et
412 235 611 267 Leonardum
634 236 761 273 fratres,
782 236 821 267 ab
848 240 934 268 utro-

200 298 261 330 que
285 289 394 320 mutua
425 288 581 320 charitate
619 287 762 330 quotidie
800 288 931 328 invisus,

199 349 360 383 nunquam
375 339 488 379 invisit,
508 350 568 372 uec
586 340 680 372 ctiam
700 345 839 382 rogatus,
859 340 934 372 licet

200 393 278 434 diu,
303 402 363 425 nec
387 392 455 425 sinc
492 393 574 424 vitae
612 392 777 435 periculo,
805 393 933 425 diverso

201 451 357 488 tempore,
380 449 516 487 uterque
543 445 769 477 decumberet:
795 444 932 477 iturum¹

200 507 234 531 se
259 497 346 535 dixit,
371 497 426 530 ubi
453 503 576 540 tempus
603 498 634 529 id
660 498 858 540 postularet:
885 498 933 530 ul-

201 556 249 584 tro
274 550 352 583 adiit
375 549 503 582 tandem
537 559 634 592 quum
661 549 793 593 spiritus
820 550 934 582 disces-

200 602 281 635 sioni
307 603 368 635 iam
394 608 477 635 esset
500 607 647 645 paratus:
683 603 867 645 gaudioque
892 603 933 634 si-

202 654 352 696 gnificato
372 654 412 687 ob
437 653 600 686 Laurentii
619 654 723 686 fratris
749 655 934 697 inexpecta-

203 712 267 738 tum
292 706 474 744 adventum,
501 705 583 738 inter
608 706 676 739 eius
702 707 868 749 amplexus
893 717 930 737 u-

202 764 316 801 terque
342 759 479 790 suaviter
506 759 672 801 expiravit.
700 759 763 791 Viri
794 759 848 792 Dei
874 760 935 791 hu-

204 810 321 843 militas
347 810 460 850 eluxit,
486 810 560 843 dum
585 810 748 853 Eugenius
774 811 934 852 Pontifex,

201 863 325 905 magnis
351 863 513 896 Laurentii
539 863 708 896 virtutihus
728 869 851 907 captus,
870 865 935 897 ani·

202 925 288 947 mum
322 914 448 947 induxit
477 920 512 947 ut
547 925 619 947 eum
654 915 782 948 Venetis
813 916 934 959 cpisco-

203 978 277 1010 pum
300 968 407 1007 daret;
432 968 556 1007 etenim,
576 967 745 1001 Francisco
764 969 934 1012 Maripetro

202 1032 238 1053 ex
270 1019 448 1054 Castellano
478 1021 611 1053 civitatis
639 1022 840 1054 Venetiarum
867 1023 935 1065 epi-

202 1078 334 1116 scopatu
360 1074 397 1105 ad
423 1074 609 1106 cathedram
635 1074 809 1107 Vicetinam
837 1081 935 1108 traus-

201 1127 278 1165 tato,
303 1136 522 1158 successorem
554 1127 759 1160 Laurentium
792 1138 935 1171 pronun-

201 1178 304 1211 ciavit.
331 1177 387 1216 Qui
412 1183 518 1211 tamen
544 1178 648 1221 sugam
670 1186 776 1213 mente
795 1181 933 1223 agitavit,

202 1236 232 1264 ct
256 1232 416 1274 pastorale
440 1242 522 1264 onus
548 1242 605 1274 pro
631 1234 686 1264 sua
710 1233 866 1265 modestia
884 1235 934 1265 de-

202 1288 370 1325 precatus,
398 1284 499 1316 semel
526 1289 621 1326 atque
647 1284 762 1316 iterum
788 1284 933 1317 Pontifici

202 1335 323 1368 iubenti
350 1335 530 1368 humillime
555 1337 681 1377 restitit,
707 1338 823 1370 litteris
850 1337 935 1380 inge-

202 1389 254 1422 nui
281 1389 414 1432 pudoris
447 1390 657 1433 sinceraeque
692 1392 864 1434 probitatis
899 1403 934 1425 ac

202 1441 434 1474 sanctimoniae
464 1443 568 1484 plenis
604 1444 643 1475 ad
677 1445 826 1476 eumdem
862 1455 934 1477 con-

201 1494 337 1537 scriptis.
363 1495 524 1527 Laurentii
550 1497 704 1538 collegae,
732 1497 814 1529 inter
839 1508 871 1531 se
892 1498 934 1530 ie-

201 1547 297 1580 iuniis
327 1552 359 1580 et
385 1548 532 1590 precibus
558 1549 704 1588 indictis,
729 1549 929 1592 Eugenium,

199 1609 239 1632 ne
264 1600 324 1632 sibi
345 1605 468 1642 patrem
495 1600 621 1644 eripiat,
642 1602 852 1635 vehementer
876 1604 931 1635 ob-

199 1657 337 1685 secrant.
365 1652 416 1684 Bis
442 1653 481 1685 ad
506 1653 597 1686 iilum
621 1654 760 1694 mittunt,
799 1655 846 1687 bis
883 1666 931 1688 re-

199 1703 308 1736 scribit
331 1704 501 1747 Eugenius,
529 1706 719 1738 dulcissimis
745 1717 800 1739 eos
825 1708 930 1740 verbis

199 1758 329 1790 solatus.
356 1756 457 1795 Quare
484 1758 674 1792 Laurentius
707 1760 853 1793 Pontifici
884 1768 930 1793 ter

199 1808 318 1842 iubenti
343 1810 587 1853 obtemperavit.
617 1811 760 1851 Noctem,
781 1823 842 1855 qua
863 1814 930 1856 epi-

198 1868 376 1905 scopatum,
391 1863 477 1896 nulla
490 1866 608 1906 pompa
621 1870 652 1897 et
669 1865 819 1898 fratribus
833 1867 928 1899 etiam

199 1915 340 1955 remotis,
361 1915 441 1955 iniit,
459 1917 639 1949 insomnem
662 1918 759 1957 duxit,
779 1919 928 1961 precibus

199 1972 230 2000 et
259 1968 409 2011 lacrymis
445 1968 499 2001 Dei
535 1970 731 2012 praesidium
772 1972 803 2003 in
841 1977 928 2005 tanto

198 2030 329 2053 munere
354 2021 539 2065 implorans.
574 2023 739 2056 Familiam
765 2025 848 2057 euris
874 2036 927 2068 pa-

199 2082 264 2106 rem
290 2073 430 2116 delegit,
455 2074 515 2106 sibi
539 2075 616 2107 alias
652 2077 804 2118 grandem
830 2088 899 2111 esse
918 2106 925 2119 ,

199 2125 288 2158 cuius
312 2126 417 2159 studio
444 2133 658 2170 premeretur,
677 2130 784 2163 dicere
802 2130 926 2171 solitus,

199 2188 359 2221 pauperes
397 2178 512 2212 Christi
556 2180 751 2223 significans.
802 2183 927 2216 AEdium

199 2235 331 2264 ornatus
368 2237 598 2275 argentumque
630 2234 761 2267 omnino
794 2237 926 2278 sprevit.

198 2283 232 2315 ln
257 2284 366 2316 mensa
402 2294 465 2317 non
498 2285 653 2325 sordida,
689 2287 745 2318 sed
771 2288 928 2321 munditie

198 2336 314 2378 plena,
339 2335 422 2369 nihil
459 2342 615 2379 appetens
639 2343 694 2370 aut
716 2339 926 2382 improbans,

198 2388 349 2422 fictilibus
375 2399 450 2422 usus
476 2395 537 2422 est.
565 2390 597 2422 ln
619 2391 714 2424 cubili
736 2399 872 2435 angusto
893 2404 928 2426 ex

198 2441 288 2484 palea
314 2446 346 2474 ct
370 2447 506 2475 centone
531 2443 624 2476 laneo
643 2444 837 2487 conquievit,
856 2446 929 2479 inde

234 2513 244 2538 t
267 2512 388 2539 Pessime
408 2511 470 2539 edit.
494 2512 570 2539 Δ113111.
593 2513 656 2548 legit
675 2514 780 2542 «ilerum
803 2524 850 2550 pro
871 2516 928 2543 ilu-

197 2565 264 2583 rum
284 2558 323 2589 (u.
340 2557 388 2590 1.).

284 2610 362 2637 Ball.
382 2611 463 2638 Rom.
486 2626 518 2631 -
544 2612 602 2640 Υυῖ,
627 2613 715 2641 XXII.
861 2615 874 2641 4

989 188 1045 212 xtn
1070 189 1118 212 ΡΡ.

977 237 1126 269 omnibus
1152 248 1282 281 semper
1307 239 1454 277 exclusis,
1490 250 1554 281 quo
1580 238 1714 271 liberius

976 289 1124 331 lacrymis
1143 295 1174 322 et.
1191 290 1326 323 orationi
1349 297 1484 323 vacaret.
1508 291 1589 323 Suae
1616 292 1715 324 eccle-

976 341 1041 373 siae
1067 342 1242 384 pontiticali
1261 353 1319 385 pro
1341 343 1497 384 dignitate
1517 344 1713 376 excolendae

976 392 1112 433 primam
1138 403 1270 434 operam
1297 394 1403 433 dedit;
1431 393 1486 425 sed
1513 399 1545 425 et,
1578 394 1712 436 reliquis

977 443 1077 475 sacris
1102 444 1236 477 aedibus
1262 445 1294 477 in
1321 446 1529 478 solitudinem
1549 446 1646 478 ferme
1667 458 1705 478 re-

978 493 1080 525 dactis
1105 494 1207 536 probe
1226 495 1400 527 consuluit.
1421 495 1488 528 Mox
1509 496 1586 528 cleri
1606 507 1712 529 mores

977 545 1119 585 adortus,
1145 546 1365 579 saluberrimis
1399 558 1472 580 eum
1508 548 1713 581 constitutio-

978 598 1073 630 nibus
1098 598 1306 639 instauravit3
1333 600 1401 642 pari
1428 600 1534 633 studio
1553 611 1713 633 sacrarum

978 650 1139 691 virgiuum
1165 652 1362 683 monasteria
1395 658 1628 695 prosequutus,
1657 664 1714 685 ner.

979 703 1095 736 minori
1134 704 1298 747 vigilantia
1324 711 1504 738 ceterarum
1535 706 1641 739 orium
1669 718 1713 739 se-

978 757 1085 789 dulam
1103 767 1211 789 curam
1238 768 1364 799 gerens.
1390 758 1574 798 Pecuniam,
1593 764 1627 791 ut
1645 760 1714 802 epi-

978 819 1112 851 scopum
1141 810 1243 849 decet,
1266 820 1390 843 summe
1411 812 1619 854 contempsit.
1645 812 1714 855 Epi-

978 862 1124 904 scopium
1140 862 1313 902 universis,
1328 873 1422 895 omne
1438 874 1524 906 penu
1538 864 1649 906 egenis
1665 876 1714 907 pa-

979 920 1046 947 tere
1063 914 1185 954 voluit3
1208 925 1272 947 non
1294 921 1399 948 tamen
1422 916 1573 949 fratribus
1591 916 1672 957 suis,
1697 929 1714 950 a

978 967 1094 1010 quibus
1112 973 1223 1000 contra
1239 978 1304 1000 non
1323 969 1420 1001 semel
1440 969 1552 1011 grandi
1574 971 1713 1012 pecunia

978 1020 1104 1052 adiutus
1126 1026 1185 1052 cst.
1214 1021 1340 1053 Amoris
1361 1021 1493 1054 fraterni
1509 1022 1572 1054 hoc
1587 1021 1713 1064 signum

980 1073 1124 1113 retinuit,
1150 1079 1185 1106 ut
1210 1074 1313 1105 tribus
1332 1074 1418 1106 sestis
1437 1074 1558 1113 diebus,
1580 1075 1715 1108 Pascha-

978 1126 1030 1165 tis,
1056 1126 1236 1159 Nativitatis
1261 1127 1402 1166 Domini,
1429 1132 1523 1171 atque
1549 1130 1714 1171 apostolo-

979 1190 1049 1211 rum
1075 1179 1160 1212 Petri
1187 1181 1335 1220 etPauli,
1363 1181 1491 1214 duobus
1514 1182 1651 1224 panibus
1678 1193 1714 1216 ex

979 1229 1098 1262 farinae
1123 1232 1202 1263 ssore
1227 1231 1384 1263 consectis
1405 1242 1460 1263 eos
1483 1232 1632 1265 donaret.
1661 1233 1715 1266 Dc-

978 1282 1113 1314 mortuis
1138 1283 1274 1321 duobus,
1293 1283 1347 1315 uni
1368 1284 1535 1327 superstiti
1556 1296 1612 1317 eos
1635 1296 1714 1318 scm-

978 1345 1036 1378 per
1060 1337 1228 1378 pependit.
1256 1336 1410 1369 Rationes
1428 1344 1637 1380 procuratore
1663 1340 1714 1371 ad-

979 1389 1112 1428 serente,
1138 1389 1214 1431 quid
1248 1389 1383 1428 deesset,
1412 1391 1489 1432 quid
1524 1397 1714 1433 superesset

979 1446 1099 1473 tantum
1125 1441 1287 1484 adspexit;
1315 1442 1404 1474 nefas
1431 1448 1528 1482 ratus,
1562 1443 1587 1476 si
1623 1445 1713 1478 lucro

976 1493 1155 1526 animarum
1180 1495 1363 1536 praefectus
1388 1495 1521 1528 sederet
1545 1497 1583 1528 ad
1610 1498 1713 1529 ealcu-

975 1547 1038 1579 tos.
1065 1546 1099 1578 ln
1126 1547 1259 1579 occultis
1290 1548 1490 1591 pauperibus
1519 1548 1713 1592 indagandis

975 1598 1033 1631 suit
1057 1609 1182 1632 summe
1208 1600 1375 1640 sollicitus,
1403 1601 1440 1633 iis
1461 1601 1637 1645 praecipue
1657 1603 1710 1646 qui

975 1661 1010 1683 ex
1038 1652 1202 1694 opulentis
1229 1652 1344 1695 inopes
1365 1653 1560 1694 evasissent;
1588 1656 1712 1688 malens

974 1705 1149 1748 aliquando
1190 1706 1317 1748 decipi,
1355 1717 1451 1749 quam
1486 1709 1711 1751 scrupulosius

973 1758 1166 1791 examinare.
1195 1758 1225 1791 Si
1252 1760 1383 1802 quando
1402 1760 1434 1792 iu
1456 1762 1648 1794 alterutrum
1667 1762 1711 1795 os-

974 1811 1171 1844 tendendum
1196 1817 1292 1851 esset,
1318 1813 1428 1856 potius
1447 1814 1497 1846 cui
1524 1825 1588 1847 non
1614 1825 1712 1858 opor-

974 1869 1057 1896 teret
1082 1864 1157 1897 dare
1183 1865 1295 1908 cupiit,
1328 1876 1423 1908 quam
1456 1877 1520 1899 non
1547 1867 1624 1900 dare
1658 1869 1708 1901 cui

972 1923 1153 1959 oporteret.
1182 1918 1242 1951 1165
1269 1923 1374 1951 tamen
1401 1919 1544 1952 humano
1565 1921 1638 1953 usui
1653 1932 1709 1954 ne-

971 1970 1124 2002 cessarias
1151 1970 1305 2003 libentius
1332 1982 1426 2014 quam
1444 1972 1615 2015 pecuniam
1640 1985 1709 2007 ero·

971 2023 1084 2065 gabat:
1110 2023 1262 2055 libentius
1281 2034 1410 2067 quoque
1431 2026 1542 2067 plures
1568 2036 1707 2059 summas

971 2085 1065 2117 quam
1097 2075 1261 2115 maiores,
1289 2083 1324 2109 ut
1359 2077 1510 2110 nimirum
1551 2078 1583 2111 in
1620 2085 1708 2113 tanto

971 2129 1094 2171 populo
1120 2130 1328 2162 comu'mnior
1363 2135 1446 2162 esset
1476 2131 1705 2166 beneficentia.

971 2181 1214 2224 Saepenumero
1240 2182 1320 2214 servi
1343 2183 1390 2214 sui
1416 2184 1498 2216 votis
1524 2184 1578 2217 Dei
1604 2186 1710 2228 provi-

972 2234 1079 2266 dentia
1114 2234 1247 2267 mirifice
1282 2235 1401 2275 adsuit,
1433 2237 1572 2279 pecunia
1597 2238 1708 2271 multis

972 2287 1011 2320 de
1037 2288 1118 2320 locis
1157 2288 1195 2319 ad
1232 2297 1306 2320 eum
1342 2288 1505 2331 insperato
1541 2291 1705 2324 veniente.

972 2339 1035 2371 Viri
1073 2339 1195 2372 iustitia
1232 2340 1308 2373 inde
1345 2341 1473 2384 patuit,
1499 2343 1583 2385 quod
1625 2343 1707 2377 nihil

973 2403 1112 2436 unquam
1150 2394 1188 2426 ab
1220 2393 1278 2427 illo
1314 2394 1501 2435 iudicatum,
1537 2397 1707 2430 rescissum

974 2451 1030 2485 est,
1044 2446 1255 2489 eiusdemque
1265 2448 1446 2480 sententiae
1457 2448 1707 2491 inappcllabiles

974 2499 1102 2532 habitae
1127 2505 1210 2532 sunt.
1244 2499 1323 2537 Quid
1358 2511 1432 2534 vero
1461 2512 1564 2544 aeque
1590 2502 1707 2535 mirum

973 2551 1034 2584 dici
1061 2557 1174 2594 potest,
1201 2563 1236 2586 ac
1262 2553 1440 2595 hominem,
1464 2555 1518 2598 qui
1538 2554 1584 2587 vix
1602 2554 1707 2598 prima

1637 180 1679 213 ⁶25
1726 191 1776 216 An.
1796 191 1823 215 (Σ.

1845 190 1909 217 met
