2170 3147
279 243 333 267 An.
351 243 379 268 (Σ,
406 242 472 270 1726

306 727 388 745 situum
398 733 417 745 μ’

308 1464 465 1483 Contrariorum

281 1491 400 1516 derogatio.

521 233 584 267 392

475 291 534 323 bus
558 292 715 332 inclinati,
739 298 773 325 ut
794 293 949 337 deinceps
975 292 1142 336 perpetuis
1166 293 1221 325 su-

477 345 556 377 turis
578 345 781 388 temporibus
800 346 893 378 locus
914 346 1113 379 consultoris
1133 356 1221 389 prae-

478 398 582 430 dictae
608 398 879 441 Congregationis
906 397 1135 437 cardinalium,
1153 409 1221 431 suc-

476 450 613 482 cedente
646 449 732 482 illius
762 461 822 493 pro
857 456 1006 494 tempore
1039 451 1220 490 vacatione,

477 503 530 536 uni
557 514 593 536 ex
621 503 790 537 memorati
817 503 947 537 Ordinis
972 504 1220 548 professoribus

477 556 611 590 concedi
638 562 668 589 et
695 557 852 600 assignari
879 557 1007 599 debeat,
1026 558 1220 591 auctoritate

477 609 669 653 apostolica,
689 615 804 643 tenore
823 610 1056 654 praesentium,
1077 611 1222 643 decerni-

477 673 550 695 mus
577 668 607 695 et
633 663 835 696 ordinamus.

520 716 535 759 §3
553 716 583 749 3.
598 716 820 750 Decernentes
835 717 966 760 pariter,
984 717 1223 761 easdem'prae-

475 774 584 801 sentes
619 769 744 802 litteras
781 780 912 814 semper
948 768 1077 809 firmem,
1101 769 1221 802 validas

475 826 507 854 et
538 821 684 854 efficaces
711 822 850 855 existere
887 828 919 855 et
950 822 1040 862 sore,
1078 832 1220 865 suosque

475 874 642 917 plenarios
666 880 697 907 et
722 874 867 917 integros
893 874 1025 908 effectus
1051 874 1162 907 sortiri
1189 880 1221 907 et

476 927 636 968 obtinere,
663 939 699 961 ac
724 929 763 961 ab
784 928 858 969 illis,
876 929 914 962 ad
935 939 1017 971 quos
1044 933 1170 971 spectat
1191 933 1223 960 et

474 991 536 1024 pro
563 982 918 1029 [emporespectabih
953 982 985 1013 in
1012 981 1163 1014 omnibns
1190 985 1222 1013 et

476 1044 537 1077 per
563 1035 674 1067 omnia
699 1034 888 1077 plenissime
907 1033 1089 1077 suffragari,
1108 1034 1221 1076 sicque

475 1086 507 1119 in
540 1087 729 1130 praemissis
758 1098 818 1131 per
848 1097 1071 1130 quoscumque
1097 1086 1222 1119 iudices

476 1140 661 1173 ordinarios
681 1146 714 1174 et
734 1140 916 1183 delegatos,
934 1140 1029 1173 etiam
1049 1149 1222 1172 causarum

475 1193 588 1237 palatii
614 1193 786 1236 apostolici
812 1193 1003 1232 auditores,
1031 1191 1165 1225 iudicari
1192 1196 1224 1223 et

476 1246 605 1280 definiri
633 1246 752 1279 debere
770 1273 777 1287 ,
805 1257 842 1279 ac
866 1246 994 1278 irritum
1021 1251 1049 1278 et
1075 1244 1172 1277 inane
1198 1244 1223 1276 si

475 1310 570 1333 secus
596 1310 697 1343 super
722 1299 773 1332 his
797 1310 815 1332 a
841 1309 1015 1343 quoquam,
1035 1297 1146 1341 quavis
1169 1307 1224 1330 au-

476 1353 638 1393 ctoritate,
657 1353 801 1386 scienter
823 1353 872 1385 vel
899 1352 1100 1395 ignoranter,
1120 1350 1224 1383 conti-

478 1407 563 1450 gerit
583 1406 748 1440 attentari.

521 1459 585 1503 §la
609 1459 679 1492 Non
709 1457 917 1492 obstantibus
943 1456 1133 1501 praemissis
1149 1483 1156 1497 ,
1189 1467 1225 1489 ac

477 1512 770 1546 constitutionibus
798 1518 830 1544 et
854 1510 1120 1544 ordinationibus
1148 1520 1227 1553 apo-

478 1566 613 1605 stolicis,
628 1575 768 1606 necnon,
791 1569 953 1608 quatenus
974 1574 1056 1607 opus
1079 1562 1127 1603 sit,
1147 1562 1224 1595 dicti

477 1619 618 1660 Ordinis,
636 1619 734 1652 etiam
759 1618 952 1661 iuramento,
975 1616 1225 1650 confirmatione

477 1673 668 1717 apostolica,
693 1673 743 1705 vel
770 1671 882 1715 quavis
910 1671 1060 1703 firmitate.
1089 1670 1151 1703 alia
1178 1680 1225 1702 ro-

476 1727 619 1767 boratis,
659 1726 786 1759 statutis
828 1731 860 1758 et
899 1723 1195 1758 consuetudinibus
1215 1750 1223 1764 ‚

476 1779 659 1824 privilegiis
692 1789 836 1822 quoque,
865 1777 1001 1810 indultis
1039 1782 1070 1809 et
1107 1776 1226 1810 litteris

478 1833 671 1878 apostolicis
694 1833 726 1865 in
744 1831 943 1865 contrarium
970 1830 1225 1874 praemissorum

478 1886 728 1932 quomodolibet
762 1885 941 1924 concessis,
965 1883 1168 1917 confirmatis
1195 1888 1227 1916 et

478 1941 664 1981 innovatis;
687 1940 806 1984 quibus
832 1938 983 1972 omnibus
1009 1943 1040 1970 et
1065 1938 1223 1980 singulis,

478 1996 612 2029 illorum
638 1999 770 2027 tenores
794 1992 1027 2037 praesentibus
1047 2002 1109 2036 pro
1128 1992 1227 2035 plene

480 2054 511 2082 et
543 2047 745 2081 sufficienter
771 2046 936 2090 expressis
961 2050 991 2079 et
1017 2045 1149 2078 insertis
1170 2045 1228 2078 ha-

479 2102 605 2142 bentes,
639 2100 703 2134 illis
739 2100 819 2133 alias
851 2099 883 2132 in
917 2109 974 2132 suo
1008 2099 1128 2132 robore
1154 2109 1228 2142 per-

480 2154 658 2194 mansuris,
692 2153 730 2187 ad
765 2152 1023 2197 praemissorum
1057 2151 1226 2193 effectum,

480 2209 542 2241 hac
573 2208 643 2241 vice
673 2207 861 2247 dumtaxat,
887 2205 1076 2250 specialiter
1108 2210 1139 2237 et
1174 2215 1228 2237 ex-

480 2271 593 2306 presse
613 2261 827 2303 derogamus,
846 2258 1034 2302 ceterisque
1052 2258 1227 2292 contrariis

481 2315 756 2359 quibuscumque.

525 2367 639 2400 Datum
660 2367 804 2408 Romae,
832 2365 918 2410 apud
942 2365 975 2399 S.
1005 2365 1138 2399 Mariam
1164 2365 1227 2398 Ma-

481 2419 596 2460 iorem,
624 2420 683 2452 sub
717 2420 840 2452 annulo
875 2419 1063 2459 Piseatoffis,
1094 2419 1146 2452 die
1171 2428 1226 2452 vn1

483 2473 611 2516 augusti
644 2483 830 2514 unccxxv1,
868 2473 1084 2517 pontificatus
1120 2473 1225 2506 nostri

483 2536 569 2558 anno
596 2535 643 2558 111.

520 2588 578 2615 Dat.
600 2588 643 2615 die
663 2588 680 2615 8
696 2589 804 2622 augusti
826 2588 904 2623 1726,
926 2589 1022 2625 pontis.
1044 2597 1114 2617 anno
1135 2595 1172 2616 111.

1084 244 1264 269 BULLARIUM
1289 244 1443 269 ROMANUM

1581 294 1681 328 CXLI.

1263 364 1460 398 Emendc'lur
1482 366 1672 398 constitutio
1696 366 1782 398 edita
1804 376 1865 410 pro
1895 366 2007 398 terlia-

1307 419 1368 450 rz'is
1404 417 1540 452 Ordinis
1564 419 1596 451 S.
1617 419 1786 451 Francisci
1821 418 1864 450 ad
1897 418 2008 450 terlia-

1307 471 1375 504 νίας
1401 471 1537 505 Ordinis
1556 472 1730 505 Servorum
1755 472 1863 504 beatae
1882 471 2009 504 Mariae

1313 524 1460 567 Vae'rgyz'm's
1477 524 1495 556 ¹.

1443 603 1624 630 Benedictus
1647 603 1726 637 Papa
1747 603 1830 635 xm,

1381 648 1418 674 ad
1440 650 1618 681 perpetuam
1640 648 1685 674 rei
1710 648 1897 675 memoriam.

1308 717 1322 759 ἓ
1347 717 1378 750 l.
1405 717 1530 760 Exponi
1550 717 1644 750 nobis
1664 728 1767 760 nuper
1792 718 1940 751 fecerunt
1964 717 2008 751 di-

1264 770 1339 804 lecti
1374 770 1430 803 filii
1456 770 1606 803 moderni
1632 771 1724 814 prior
1755 776 1787 804 et
1814 776 2008 814 procurator

1267 823 1430 866 generalis
1449 823 1582 856 fratrum
1597 823 1726 857 Ordinis
1741 823 1915 857 Servorum
1932 823 2008 856 bea-

1267 880 1320 908 tae
1336 875 1454 909 Mariae
1468 875 1618 918 Virginis,
1633 876 1720 919 quod
1734 876 1819 919 (cum
1834 875 1895 920 ipsi
1908 877 2008 918 longa

1265 928 1469 971 experientia
1494 934 1719 971 cognoverunt
1742 929 1917 962 nonnullas
1942 939 2008 961 mo-

1265 982 1374 1015 lestias
1400 982 1662 1025 vexationesque,
1681 992 1761 1026 quas
1787 981 1935 1015 eiusdem
1951 981 2008 1014 Or-

1266 1034 1348 1067 dinis
1386 1034 1552 1067 tertiariae
1590 1035 1732 1067 tolerant
1765 1034 1803 1067 ab
1830 1034 1893 1067 illis
1919 1035 2009 1067 loco-

1266 1098 1336 1120 rum
1363 1087 1542 1121 OrdInariis
1576 1087 1630 1130 qui
1662 1087 1821 1120 eiusmodi
1847 1086 2007 1120 tertiarias

1265 1140 1304 1173 ad
1330 1150 1442 1173 eorum
1467 1140 1723 1183 dependentiam
1749 1150 1807 1173 seu
1832 1139 2009 1183 superiori·

1267 1196 1364 1225 tatem
1391 1192 1524 1236 adigere
1542 1194 1662 1233 volunt,
1685 1192 1811 1233 exoriri,
1830 1192 1930 1236 idque
1949 1191 2009 1225 eis-

1267 1245 1339 1278 dem
1369 1245 1524 1278 tertiariis
1550 1245 1648 1278 animi
1673 1245 1950 1289 perturbationem
1978 1250 2009 1278 et

1268 1297 1402 1340 spiritus
1438 1297 1689 1340 dispersionem,
1715 1304 1811 1341 atque
1847 1297 2009 1341 praedicti

1267 1350 1397 1384 Ordinis
1429 1351 1654 1394 superioribus
1678 1362 1743 1385 non
1769 1352 1930 1385 modicam
1961 1351 2008 1384 in-

1270 1404 1493 1448 quietudinem
1529 1406 1660 1448 parere)
1687 1405 1764 1438 dieti
1790 1409 2006 1448 exponentes,

1269 1468 1333 1501 quo
1358 1457 1519 1490 similibus
1557 1458 1856 1492 inordinationibus
1897 1468 2009 1491 occur-

1270 1517 1353 1552 rant,
1372 1511 1496 1544 litteras
1515 1516 1640 1544 nostras
1665 1511 1726 1544 suh
1750 1511 1888 1555 plumbo
1914 1511 2009 1544 desu-

1269 1576 1328 1608 per
1354 1565 1393 1597 ad
1418 1570 1613 1608 perpetuam
1639 1565 1684 1597 rei
1714 1564 1907 1597 memoriam
1924 1575 2010 1597 anno

1268 1618 1503 1652 incarnationis
1517 1618 1702 1651 dominicae
1717 1627 1875 1659 noccxxv,
1889 1628 1918 1652 lv
1937 1617 2009 1651 idus

1270 1673 1470 1714 decembris,
1496 1666 1703 1715 pontificatus
1735 1672 1838 1705 nostri
1870 1682 1955 1705 anno
1987 1682 2010 1706 11

1270 1727 1448 1770 expeditas,
1470 1736 1529 1769 per
1547 1736 1627 1769 quas
1649 1726 1735 1759 inter
1759 1726 1822 1758 alia
1848 1726 2011 1759 tertiariae

1269 1780 1399 1814 Ordinis
1425 1779 1457 1813 S.
1483 1779 1645 1812 Francisci
1681 1790 1698 1812 a
1723 1779 1952 1813 iurisdictione
1979 1784 2012 1812 et

1270 1832 1492 1876 dependentia
1526 1832 1771 1865 Ordinariorum
1804 1832 2008 1873 eximuntur,

1269 1887 1307 1920 ad
1328 1887 1490 1920 tertiarias
1516 1886 1703 1930 primodicti
1725 1885 1855 1919 Ordinis
1874 1897 1933 1930 per
1950 1897 2010 1919 nos

1271 1940 1399 1974 extendi
1438 1950 1650 1984 summopere
1686 1939 1898 1980 desiderant,
1921 1950 2012 1983 prae-

1270 1993 1380 2027 sertim
1407 1993 1483 2036 quia
1508 1993 1596 2026 hunc
1613 1992 1769 2026 Ordinem
1794 2004 1811 2026 a
1836 1993 1936 2026 felicis
1961 2003 2011 2026 re-

1271 2047 1469 2080 cordationis
1498 2045 1687 2079 Innocentio
1713 2046 1799 2089 Papa
1823 2046 1887 2079 VIII
1918 2057 2011 2090 prae-

1271 2100 1441 2133 decessore
1460 2105 1571 2132 nostro
1589 2099 1627 2131 ad
1647 2099 1928 2142 participationem
1946 2099 2012 2143 pri-

2011 247 2062 273 An.
2083 248 2112 274 C.
2131 247 2170 276 ΠΕ

2023 727 2134 755 Exposuit)
2144 728 2170 749 sa(

1270 2154 1463 2196 vilegiorum
1498 2158 1638 2196 quatuor
1676 2152 1815 2185 aliorum
1854 2148 2026 2186 Ordinum‘

1270 2206 1522 2240 Mendicantium
1547 2206 1724 2239 admissum
1760 2205 1857 2239 fuisse
1889 2216 2011 2239 memo-

1270 2265 1369 2293 ratur.
1397 2260 1496 2293 Nobis
1528 2264 1701 2302 propterea
1733 2258 1901 2292 humiliter
1935 2269 2011 2302 sup-

1270 2312 1382 2357 plicari
1404 2313 1551 2346 fecerunt
1573 2316 1609 2344 ut
1632 2312 1665 2344 in
1684 2312 1870 2355 praemissis
1891 2322 2011 2355 oppor-

1271 2371 1345 2399 tune
1371 2365 1543 2409 providere
1569 2370 1600 2398 et
1625 2371 1659 2397 ut
1684 2365 1766 2397 infra
1783 2364 1952 2406 indulgere
1971 2364 2010 2397 de

1268 2419 1470 2462 benignitate
1496 2418 1678 2461 apostolica
1703 2418 1926 2460 dignaremur.

1313 2472 1371 2516 {⁶2-
1385 2471 1447 2505 Nos
1462 2471 1569 2515 igitur,
1584 2471 1672 2514 ipsos
1691 2471 1834 2514 priorem
1850 2476 1880 2503 et
1893 2481 2010 2514 procu-

1269 2532 1407 2559 ratorem
1427 2527 1612 2569 generalem
1637 2524 1831 2568 specialibus
1850 2524 2009 2558 favoribus

1307 2598 1315 2623 1
1339 2595 1460 2623 Laudata
1479 2595 1635 2622 constitutio
1656 2594 1729 2622 edita
1747 2598 1788 2622 est
1807 2600 1945 2628 Μῡοοκκν,
1966 2594 2009 2622 die

1270 2640 1303 2668 10
1323 2639 1488 2675 decembris,
1507 2638 1603 2675 pontif·
1623 2647 1642 2666 1.

2043 2479 2141 2501 Extensio
2149 2478 2170 2501 ul

2019 2506 2114 2527 rubrica.
