2170 3147
265 243 355 269 Anat,
385 241 449 267 ¹725
497 230 559 264 <208

286 726 443 745 Contrariorum

259 752 377 777 derogatio.

296 885 429 910 Praecipitat·
439 901 443 907 .

259 914 280 931 ut
297 912 347 931 fidei
364 912 443 931 habea*

259 942 442 963 turtrausuuiptt&

266 2160 374 2185 expositio
386 2160 440 2180 saell(

455 289 639 332 spectabit,
664 287 854 331 plenissime
887 286 1064 331 suffragari,
1088 288 1200 331 sicque

456 341 487 373 in
515 341 705 384 praemissis
732 351 790 384 per
815 351 1040 384 quoscumque
1072 341 1199 374 iudices

455 394 640 427 ordinarios
661 399 689 426 et
711 394 891 437 delegatos,
912 395 1006 427 etiam
1027 405 1198 428 causarum

455 447 563 490 palatii
592 447 762 490 apostolici
789 447 976 487 auditores,
1004 447 1138 480 iudicari
1170 452 1200 479 et

455 499 583 532 definiri
610 500 753 541 debere,
774 511 810 533 ac
831 500 958 533 irritum
989 506 1019 534 et
1048 500 1145 534 inane
1172 501 1199 534 si

454 562 546 585 secus
575 563 675 597 super
697 553 747 585 his
765 564 782 586 a
801 564 962 597 quoquam
981 581 987 593 ‚
1011 553 1120 597 quavis
1146 565 1201 586 au-

455 605 630 646 ctoritate,
657 607 797 640 scienter
822 608 871 640 vel
899 607 1098 650 ignoranter,
1125 618 1200 640 con-

455 658 566 700 tigerit
591 659 753 692 attentari.

501 711 515 754 §
541 711 572 743 5.
593 711 661 744 Non
685 712 890 745 obstantibus
917 713 1200 746 constitutionibus

455 770 485 797 et
510 764 772 798 ordinationibus
791 765 998 808 apostoliciS,
1017 766 1199 809 ceterisque

456 818 628 851 contrariis
651 819 824 851 contrariis
843 818 1116 862 quibuscumque.

501 870 514 913 ξ
539 870 569 903 6.
603 871 757 903 Volumus
783 877 890 904 autem
915 877 950 904 ut
974 872 1198 915 praesentium

455 923 638 956 litterarum
659 924 882 967 transumptis,
900 924 997 957 etiam
1019 924 1200 968 impressis,

455 987 554 1009 manu
587 977 722 1010 alicuius
750 977 867 1010 notarii
902 977 1026 1021 publici
1062 978 1201 1010 subscri-

453 1029 530 1072 ptis,
549 1035 581 1062 et
601 1029 712 1072 sigillo
737 1040 898 1073 personae
921 1030 951 1062 in
974 1030 1199 1064 ecelesiastica

454 1082 614 1125 dignitate
650 1082 847 1116 constitutae
895 1083 1049 1122 munitis,
1084 1084 1199 1116 eadem

453 1145 589 1178 prorsus
616 1135 694 1169 fides
723 1136 756 1168 in
789 1136 911 1169 iudicio
939 1142 969 1169 et
997 1142 1087 1169 extra
1118 1137 1198 1170 illud

453 1189 661 1230 adhibeatur,
683 1200 765 1232 quae
784 1190 998 1223 adhiberetur
1015 1190 1093 1233 ipsis
1111 1188 1200 1234 prae-
1220 1219 1222 1222 .

453 1243 600 1275 sentibus
615 1243 639 1274 si
658 1243 765 1276 I'oreut
785 1243 951 1276 exhibitae
966 1245 1017 1276 vel
1030 1250 1197 1276 ostensae.

497 1295 609 1328 Datum
634 1295 766 1336 Romae,
793 1297 878 1339 apud
901 1296 931 1329 S.
952 1296 1084 1329 Mariam
1101 1297 1199 1330 Maio·
1220 1312 1221 1318 ¹

452 1359 532 1387 reni,
551 1350 608 1381 suh
633 1351 754 1382 annulo
781 1349 967 1388 piscatoris,
990 1350 1041 1382 die
1067 1359 1132 1383 xvn
1152 1360 1201 1383 se-

452 1402 613 1446 ptembris
640 1412 810 1443 iinccxxv,
842 1402 1054 1446 pontificatus
1093 1404 1196 1436 nostri

452 1466 539 1488 anno
563 1466 597 1488 Π.

488 1516 547 1543 Dat.
565 1517 609 1543 dIe
628 1518 657 1544 17
678 1517 845 1553 septembris
864 1518 940 1553 1725,
963 1518 1061 1554 pontif⁴
1080 1527 1151 1546 anno
1167 1526 1196 1546 11.

777 1662 878 1695 XCIII.

453 1740 649 1775 Conceditur
681 1743 791 1785 priori
825 1743 974 1786 yenerali
1010 1743 1198 1776 carthusiae

496 1795 636 1827 maioris
668 1795 839 1828 indultum
872 1795 1059 1839 eqrediendz'
1091 1807 1129 1828 εει*
1152 1798 1198 1829 eci-

495 1847 633 1881 demmet
659 1848 846 1889 carthusici,
868 1854 896 1882 et
915 1849 1113 1882 monasteria
1131 1854 1197 1882 tam
1218 1887 1220 1898 Α

496 1901 734 1934 monachorum
751 1912 850 1945 quam
868 1902 1061 1934 monialium
1077 1903 1111 1934 in
1128 1913 1199 1945 pro·
1218 1899 1220 1923 1

495 1955 613 1987 vinciis
639 1955 770 1988 Galliae
793 1955 988 1989 visitandi&

631 2035 814 2062 Benedictus
835 2035 916 2069 Papa
934 2035 1019 2069 xm,

569 2080 607 2107 ad
632 2083 809 2114 perpetuam
828 2081 874 2107 rei
895 2080 1076 2108 memoriam.

496 2151 557 2194 §Q
577 2150 700 2195 Exponi
719 2152 815 2184 nobis
833 2162 940 2195 nuper
958 2152 1034 2184 fecit
1059 2152 1196 2185 dilectus

452 2203 536 2237 tilius
553 2204 743 2238 Vincentius
759 2205 887 2245 Dinelli‚
903 2206 992 2248 prior
1012 2206 1196 2238 carthusiae

453 2258 492 2290 de
523 2257 608 2292 Urbe
639 2265 667 2292 et
699 2264 893 2302 procurator
918 2259 1083 2302 generalis
1105 2258 1197 2292 Ordi-

453 2310 503 2343 nis
523 2310 763 2345 Carthusiensis
790 2313 821 2345 in
841 2312 986 2344 Romana
1011 2312 1115 2352 Curia,
1133 2318 1195 2345 tam

452 2374 508 2396 suo
543 2374 637 2407 quam
671 2365 780 2398 dilecti
813 2366 937 2409 pariter
973 2364 1030 2398 filii
1064 2366 1195 2398 Antonii

452 2416 491 2450 de
512 2417 687 2459 Mogesond
714 2418 834 2461 prioris
861 2419 991 2451 maioris
1011 2419 1195 2452 carthusiae

490 2508 498 2531 t
525 2505 676 2532 innocentii
706 2506 748 2532 XII
780 2508 888 2533 constit.
911 2507 975 2534 edit.
1006 2514 1130 2540 momen,
1151 2508 1195 2534 die

451 2550 470 2576 4
491 2550 658 2582 novembris,
682 2550 776 2584 pontis.
799 2557 816 2577 tt
831 2572 837 2583 ,
858 2551 1023 2578 declaratum
1044 2552 1093 2578 suit
1109 2556 1194 2578 statu-

451 2599 509 2621 tum
531 2594 616 2621 eidem
646 2594 729 2629 priori
746 2603 760 2620 a
782 2603 829 2621 suo
849 2595 950 2622 Ordine
970 2596 1119 2622 iniunctum
1141 2604 1193 2623 non

451 2638 608 2674 egrediendi
629 2647 644 2666 a
662 2640 710 2666 sua
730 2639 876 2666 carthusia.

1044 241 1143 264 mmm
1150 241 1225 264 turn
1253 241 1408 265 nosmn't'n

1244 289 1563 334 Gratianopolitanae
1592 290 1749 325 dioecesis
1772 295 1804 324 et
1824 290 1986 334 generalis

1244 342 1386 375 eiusdem
1407 343 1535 376 Ordinis
1550 344 1691 384 nomine,
1710 344 1797 387 quod
1815 355 1874 388 per
1888 349 1986 377 statu-

1246 400 1311 427 tum
1339 396 1414 428 dieti
1441 396 1591 436 Ordinis,
1619 408 1642 430 Π
1672 401 1777 440 parte,
1804 407 1874 440 cap.
1900 407 1982 435 xiuv,

1244 450 1258 493 g
1285 449 1312 488 5,
1340 449 1586 489 confirmatum,
1612 459 1764 493 expresse
1789 454 1921 483 cavetur
1945 461 1985 483 ne

1222 502 1371 544 *priores
1410 502 1595 545 praedictae
1632 502 1814 536 carthusiae
1851 502 1985 535 maioris

1244 565 1303 598 pro
1329 560 1475 598 tempore
1503 554 1690 594 existentes,
1712 566 1727 588 e
1745 555 1902 588 limitibus
1920 566 1986 588 car-

1245 608 1373 640 thusiae
1400 607 1529 640 maioris
1563 607 1750 641 huiusmodi
1785 608 1894 651 egredi
1928 619 1983 641 va-

1244 660 1457 702 leatit.Yig01·
1482 670 1558 692 vero
1585 660 1661 692 dicti
1685 660 1794 692 statuti
1821 660 1853 692 in
1879 659 1986 704 aliqua

1245 712 1312 745 eius
1326 718 1427 756 parte,
1442 724 1505 745 uon
1525 714 1630 746 solum
1648 723 1707 756 pro
1728 713 1889 746 levamine
1905 713 1987 746 eius-

1245 766 1317 797 dem
1346 765 1476 798 Antonii
1504 765 1620 808 prioris
1646 765 1815 808 generalis,
1832 765 1886 809 qui
1912 776 1987 809 pro-

1245 823 1316 860 pter
1341 829 1397 850 sua
1423 820 1537 851 merita
1562 818 1594 850 in
1620 818 1733 851 maiori
1770 818 1899 851 Ordinis
1928 819 1987 851 hu-

1244 872 1383 905 iusmodi
1421 872 1577 915 dignitate
1614 872 1830 912 constitutus,
1865 874 1987 905 attenta

1244 925 1400 958 eiusmodi
1411 925 1645 968 prohibitione,
1658 926 1690 958 in
1701 930 1860 969 perpetuo
1879 936 1988 969 quam·

1221 973 1289 1010 ‘vis
1314 978 1465 1021 religioso
1498 985 1529 1011 et
1554 989 1645 1012 sacro
1675 989 1806 1012 earcere
1836 979 1986 1012 detentus

1244 1032 1427 1075 reperitur,
1459 1032 1490 1064 in
1524 1043 1587 1075 quo
1613 1043 1716 1075 usque
1742 1033 1781 1065 ad
1808 1038 1985 1065 extremum

1245 1085 1326 1119 vitae
1352 1096 1428 1118 suae
1462 1086 1610 1129 spiritum
1648 1096 1841 1129 permanere
1868 1086 1986 1125 debet,

1243 1150 1353 1172 verum
1381 1140 1475 1172 etiam
1509 1150 1568 1182 pro
1601 1140 1739 1172 utilitate
1775 1144 1807 1172 et
1837 1139 1986 1182 prosectu

1244 1197 1306 1224 tam
1333 1192 1496 1235 spirituali
1530 1203 1624 1236 quam
1654 1192 1828 1236 temporali
1858 1191 1987 1225 Ordinis

1242 1245 1400 1288 praedicti
1432 1246 1470 1278 de
1496 1245 1658 1289 praesenti
1684 1245 1825 1288 mitigari
1850 1250 1984 1289 posset,

1242 1297 1266 1329 si
1286 1298 1463 1341 aliquando
1482 1294 1566 1331 idem
1585 1298 1674 1342 prior
1699 1298 1861 1342 generalis
1881 1309 1915 1331 ex
1935 1300 1982 1331 ea*

1243 1351 1313 1383 dem
1348 1351 1510 1384 carthusia
1542 1351 1655 1384 maiori
1688 1351 1889 1395 egrediendo
1922 1356 1985 1383 tam

1241 1405 1475 1437 monachorum
1502 1415 1596 1448 quam
1615 1405 1803 1438 monialium
1823 1409 1986 1438 monaste-

1240 1457 1288 1490 ria
1320 1457 1539 1501 personaliter
1570 1457 1740 1498 visitaret,
1776 1458 1890 1502 eisque
1927 1467 1986 1500 per

1242 1511 1324 1544 hanc
1350 1511 1570 1544 visitationem
1596 1522 1748 1554 magnum
1774 1512 1921 1544 solamen
1939 1511 1984 1544 as-

1217 1565 1352 1603 (ferret.
1380 1565 1480 1598 Nobis
1510 1570 1686 1608 propterea
1718 1565 1796 1598 dicti
1822 1564 1983 1598 Antonius

1239 1619 1332 1663 prior
1357 1619 1518 1662 generalis
1537 1624 1568 1651 et
1584 1618 1770 1652 Vincentius
1794 1625 1986 1662 procurator

1241 1672 1401 1715 generalis
1428 1672 1597 1705 humiliter
1628 1671 1805 1716 supplicari
1840 1672 1985 1706 fecerunt

1241 1725 1331 1757 utin
1365 1724 1550 1769 praemissis
1588 1730 1773 1768 opportune
1809 1722 1982 1768 providere

1241 1783 1272 1811 et
1287 1784 1321 1810 ut
1339 1778 1421 1811 infra
1440 1779 1610 1821 indulgere
1632 1779 1671 1812 de
1688 1778 1892 1821 benignitate
1910 1789 1985 1822 apo-

1240 1832 1354 1864 stolica
1380 1833 1598 1875 dignaremur.

2002 243 2048 269 An.
2064 242 2092 270 G.
2116 243 2170 274 tw!

1285 1886 1300 1929 ἓ
1325 1885 1356 1918 02.
1384 1885 1446 1918 Nos
1471 1885 1579 1927 igitur,
1602 1886 1734 1919 illorum
1759 1885 1840 1918 votis
1865 1885 1927 1919 hac
1952 1885 2170 1919 inconcessiorm

1241 1950 1287 1979 re,
1305 1944 1458 1982 quantum
1477 1949 1548 1972 cum
1574 1938 1712 1972 Domino
1737 1949 1918 1982 possumus,
1938 1939 1983 1971 sa-

1242 1993 1432 2025 vorabiliter
1457 2002 1600 2025 annuere
1626 1993 1788 2031 volentes,
1814 1997 1845 2024 et
1869 2001 1982 2025 eorum

1242 2046 1424 2088 singulares
1450 2056 1607 2089 personas
1629 2056 1646 2078 a
1671 2045 1837 2089 quibusvis
1856 2056 1985 2079 ercom—

1242 2098 1482 2139 muuicationis,
1508 2098 1732 2142 suspensionis
1758 2104 1790 2131 et
1810 2098 1983 2137 interdicti,

1241 2152 1380 2195 aliisque
1406 2152 1637 2185 ecclesiasticis
1662 2151 1842 2191 sententiis,
1869 2161 1984 2184 censu-

1242 2205 1283 2237 ris
1309 2211 1340 2238 et
1365 2205 1498 2248 poenis,
1525 2216 1542 2237 a
1574 2204 1642 2238 iure
1675 2205 1725 2238 vel
1759 2205 1798 2237 ab
1828 2204 1981 2243 homine,

1241 2259 1352 2300 quavis
1375 2258 1547 2291 occasione
1571 2259 1620 2291 vel
1642 2259 1739 2291 causa
1763 2257 1847 2298 latis,
1865 2257 1891 2290 si
1913 2257 1984 2300 qui-

1240 2310 1300 2343 bus
1333 2310 1580 2354 quomodolibet
1614 2310 1788 2343 innodatae
1822 2310 1981 2351 existunt,

1240 2364 1278 2396 ad
1305 2364 1452 2397 ellectum
1478 2364 1698 2407 praesentium
1726 2364 1888 2396 dumtaxat
1905 2372 1981 2395 con-

1239 2418 1453 2460 sequendum,
1473 2418 1588 2450 harum
1615 2417 1697 2450 serie
1722 2417 1931 2449 absolventes
1952 2421 1984 2448 et

1239 2471 1405 2504 absolutas
1421 2472 1489 2504 sore
1505 2475 1689 2510 censentes,
1707 2469 1894 2502 huiusmodi
1910 2479 1984 2513 sup-

1239 2525 1470 2566 plicationibus
1489 2524 1695 2563 inclinati,th
1714 2522 1883 2566 perpetuis
1903 2523 1983 2555 sutu-

1238 2578 1282 2610 ris
1311 2578 1514 2621 temporibus
1547 2577 1652 2610 dictus
1685 2577 1843 2610 Antonius
1868 2580 1898 2610 et
1923 2587 1982 2620 pro

1237 2636 1385 2674 tempore
1413 2631 1555 2664 existens
1581 2630 1673 2673 prior
1698 2630 1862 2672 generalis
1887 2639 1980 2673 prae·

1995 1919 2046 1940 dicti
2061 1918 2144 1941 indutu.
