2170 3147
6 200 33 220 n·
49 193 77 220 C.
100 193 167 220 1724

30 360 166 386 Exponuntur

0 392 74 410 rusae,
86 387 167 411 longin-

0 416 53 433 uuas
69 418 165 432 nimirum

0 439 107 458 revinctam

2 464 152 485 intollerabrtes

0 493 76 517 surptus
87 506 92 514 ,
112 496 166 516 quae
181 503 187 508 .

1 518 170 543 ungregatiuuem

0 544 116 563 mediet-‘nu
141 544 168 563 ad

0 575 24 590 oc
52 556 338 617 deterueln-Minorum
364 554 466 588 sancti
491 553 655 586 Francisci
681 553 720 586 de
738 552 918 584 Observan—

0 601 31 616 ›nn
81 602 168 622 impun-

758 189 952 213 BEaEDICTUS
978 188 1033 212 xm
1058 189 1106 212 PP.

359 237 539 266 Benedictus
559 238 638 272 Papa
657 237 737 269 xm,

307 284 343 310 ad
370 284 503 310 futuram
531 283 575 310 rei
601 281 784 309 memoriam.

221 345 236 388 ἓ
255 345 283 377 1.
299 344 416 387 Nuper,
432 355 492 388 pro
507 349 596 387 parte
616 342 725 376 dilecti
745 341 800 375 filii
818 342 914 374 Fran-

179 396 254 430 cisci
275 397 386 439 Idalgo
407 396 612 440 proministri
635 406 671 428 ac
695 393 915 437 procuratoris

147 440 365 493 ⁰¹p1-0vinciae
392 448 631 491 Assumptionis
663 446 916 480 Tucumanensis

180 513 211 535 in
230 502 328 535 indiis
348 501 610 535 Occidentalibus
629 500 756 532 Ordinis
783 500 916 531 fratrum

181 609 223 640 tia
249 613 521 651 nuncupatorum,
547 605 798 648 Congregationi
825 614 918 637 vene-

179 660 330 693 rabilium
351 660 486 692 fratrum
505 664 690 691 nostrorum
709 662 838 690 sanctae
855 657 918 689 Ro—

179 723 294 746 manae
317 712 480 745 Ecclesiae
500 711 711 744 cardinalium
731 709 868 753 negotiis
888 714 919 742 et

178 764 474 799 consultationibus
500 764 729 807 episcoporum
759 768 790 796 et
823 773 918 805 regu-

178 818 294 853 larium
314 817 520 861 praepositae
540 816 700 860 exposito‚
718 815 815 859 quod,
835 816 917 848 facto

177 881 310 904 recursu
346 880 432 903 anno
464 879 610 904 MDCCVln
647 869 778 902 nomine
813 868 917 901 dictae

178 923 364 967 provinciae
389 922 427 956 ad
446 922 591 955 eamdem
613 921 917 965 Congregationem‚

178 982 310 1020 praeter
335 976 396 1008 alia
422 975 676 1018 quamplurima,
703 975 917 1017 supplicatum

179 1030 284 1062 suerat
309 1029 395 1072 quod
431 1027 671 1061 commissarius
701 1028 846 1061 visitator
872 1028 919 1061 di-

179 1087 248 1115 ctae
273 1081 456 1126 provinciae
474 1091 492 1114 a
516 1081 748 1124 superioribus,
775 1081 814 1113 ad
839 1091 919 1124 quos

179 1137 354 1180 spectabat,
369 1146 404 1167 ex
425 1134 590 1178 religiosis
606 1134 818 1168 benemeritis
836 1135 920 1167 eius-

179 1191 251 1223 dem
269 1188 454 1233 provinciae
470 1189 661 1231 eligeretur,
679 1193 710 1222 et
724 1188 762 1221 ad
776 1188 862 1221 hunc
877 1188 919 1220 es-

180 1244 298 1276 sectum
323 1241 533 1285 provincialis
561 1253 597 1274 ac
623 1241 842 1274 definitorium
860 1253 918 1285 pro

181 1303 327 1339 tempore
354 1294 530 1327 existentes
551 1294 590 1327 ad
616 1293 704 1337 ipsos
732 1294 917 1337 superiores

180 1349 321 1382 notulam
347 1347 490 1381 omnium
517 1347 743 1390 religiosorum
771 1346 825 1380 tali
850 1358 918 1379 mu-

180 1412 256 1435 nere
283 1401 455 1444 dignorum
483 1401 698 1433 transmittere
719 1405 916 1439 tenerentur,

179 1460 214 1488 ut
239 1454 305 1494 illi,
331 1464 427 1497 quem
453 1454 608 1493 mallent,
636 1464 694 1497 pro
721 1453 768 1486 sui
794 1453 918 1486 institia

181 1512 210 1541 et
236 1507 399 1550 aequitate
425 1506 544 1549 eligere
563 1511 717 1549 possent;
737 1506 826 1539 cuius
845 1517 919 1549 snp-

180 1559 365 1605 plicationis
389 1560 471 1592 ratio
492 1559 745 1593 fundamentalis
771 1560 829 1592 fuit
853 1570 918 1592 ma-

181 1615 265 1648 xima
289 1618 463 1658 paupertas
489 1619 520 1646 et
545 1614 697 1646 distantia
722 1614 828 1657 quoad
849 1614 918 1646 lon-

182 1668 360 1712 gitudinem
379 1672 411 1700 et
435 1667 640 1700 latitudinem
666 1667 765 1710 Ipsius
790 1667 918 1710 provin-

182 1722 261 1763 ciae,
282 1720 314 1753 in
333 1730 395 1764 qua
416 1726 479 1752 tam
507 1720 677 1752 domorum
697 1730 791 1763 quam
817 1720 919 1752 eccle-

183 1776 302 1808 siarum
327 1772 472 1806 aedilicia
497 1774 623 1806 nullum
650 1774 751 1806 altum
777 1773 918 1814 babent,
940 1773 942 1805 ἓ

183 1830 246 1862 imo
270 1829 374 1861 solum
408 1837 444 1860 ex
470 1827 538 1860 luto
573 1832 700 1860 acerato
737 1832 942 1860 constructa·

185 1881 333 1922 existunt,
352 1880 498 1923 adeoque
523 1880 747 1913 intolerabiles
774 1885 918 1924 sumptus

185 1944 333 1968 accessus
359 1938 390 1966 et
417 1943 562 1966 recessus
595 1934 736 1966 extranei
770 1931 942 1967 commis-³

187 1987 263 2020 sarii
291 1986 467 2020 visitatoris
502 1985 637 2020 sufferre
671 1987 803 2019 minime
829 1989 916 2020 valc-
940 2017 942 2039 t

186 2041 272 2080 bant,
290 2040 392 2082 eaque
414 2039 453 2072 de
477 2041 572 2072 causa
598 2039 637 2072 ab
658 2040 846 2073 exministro
868 2051 921 2083 ge·
941 2043 942 2074 ξ

189 2092 292 2125 nerali
316 2092 441 2124 Biesma
465 2091 579 2125 mediis
597 2092 661 2125 suis
682 2093 797 2126 litteris
814 2099 921 2136 paten-
941 2117 943 2137 ς

191 2144 308 2176 talibus
335 2143 386 2176 die
409 2153 472 2176 xvn
505 2143 656 2176 februarii
681 2154 779 2178 mucci
804 2145 920 2177 Matriti
942 2147 943 2175 1

190 2196 349 2241 expeditis
383 2197 444 2229 hoc
476 2195 563 2230 idern
592 2197 754 2230 observari
792 2188 944 2239 manda-i

191 2255 256 2283 tum
274 2250 386 2289 suerat,
407 2259 478 2281 cum
496 2249 628 2281 decreto
650 2249 733 2292 quod
758 2251 922 2293 praefatae

190 2303 316 2336 litterae
348 2302 530 2345 patentales
560 2312 661 2345 usque
685 2302 724 2336 ad
750 2303 922 2346 capitulum

190 2356 341 2399 generale
361 2354 627 2387 observarentur:
646 2354 731 2387 dicta
748 2365 824 2388 vero
845 2355 925 2388 Con-

190 2408 337 2452 gregatio
363 2418 463 2451 super
488 2407 580 2440 dictis
606 2408 757 2451 precibus
773 2434 780 2448 ‚
805 2408 923 2441 auditis

189 2461 278 2505 prius
311 2460 469 2494 relatione
495 2466 525 2494 et
549 2466 622 2494 voto
655 2466 729 2493 tunc
757 2461 923 2494 existentis

189 2514 410 2559 procuratoris
436 2515 599 2558 generalis
617 2514 691 2547 dicti
710 2514 850 2555 Ordinis,
874 2525 923 2548 re-

190 2567 365 2611 scripserat
389 2567 476 2610 qnod
503 2566 728 2610 exquireretur
747 2571 855 2600 votum
874 2578 923 2601 ca-

301 2630 376 2657 Ball.
393 2630 477 2658 Rom.
491 2645 522 2649 ν
543 2630 603 2657 Vol.
624 2629 712 2657 XXII.
861 2629 892 2656 16

1594 174 1651 207 121

959 235 1052 279 pituli
1072 234 1244 278 generalis,
1263 235 1348 278 quod
1367 243 1463 276 super
1489 233 1553 265 hoc
1578 238 1699 274 puncto

960 288 1175 322 commissarii
1212 286 1386 320 visitatoris
1411 286 1586 318 favorabile
1620 285 1697 317 suit:

960 342 1098 385 ideoque
1117 341 1221 374 eidem
1240 339 1488 382 Congregationi
1508 338 1699 382 supplicato,

961 400 1005 434 ut,
1026 400 1150 427 attento
1173 393 1341 427 favorabili
1366 398 1440 426 voto
1466 391 1633 425 memorati
1652 402 1702 425 ca-

959 447 1055 490 pituli
1081 446 1256 489 generalis,
1271 451 1334 477 tam
1350 444 1586 478 commissarius
1605 455 1701 487 gene-

962 499 1038 532 ralis
1064 499 1226 532 indiarum
1254 509 1350 541 quam
1377 498 1550 538 Peruanus,
1572 499 1701 541 quando

962 562 1020 595 per
1045 563 1078 585 se
1105 552 1190 595 ipsos
1211 551 1359 585 eamdem
1381 551 1578 594 provinciam
1599 551 1702 584 Tucu-

962 615 1148 637 manensem
1174 604 1303 637 visitare
1334 604 1490 637 nolebant
1514 604 1562 636 vel
1587 603 1702 646 nequi-

962 657 1048 697 bant,
1063 667 1162 689 unum
1180 668 1216 690 ex
1235 656 1396 700 religiosis
1410 655 1536 690 idoneis
1554 655 1701 689 eiusdem

962 710 1149 753 provinciae
1177 710 1332 753 deputare
1358 714 1390 742 et
1414 709 1593 747 nominare,
1614 713 1645 741 et
1663 708 1701 741 ad

962 764 1049 796 hunc
1076 761 1223 796 effectum
1258 763 1467 806 provincialis
1496 767 1528 795 et
1553 762 1701 794 definito-

962 816 1045 849 rium
1070 826 1129 859 pro
1155 822 1305 860 tempore
1325 817 1469 849 notulam
1496 814 1640 847 omnium
1656 825 1703 847 re-

963 869 1156 912 ligiosorum
1175 869 1214 902 ad
1233 868 1264 902 id
1282 879 1400 901 munus
1419 867 1569 901 visitandi
1588 866 1703 909 digno-

963 933 1033 954 rum
1060 922 1098 955 ad
1125 922 1258 955 eosdem
1284 921 1471 965 superiores
1497 920 1624 953 mittere
1658 926 1702 953 te-

963 979 1122 1008 nerentur
1147 980 1178 1007 et
1204 974 1382 1018 respective
1402 974 1573 1015 deberent,
1592 972 1703 1016 sicque

962 1027 995 1060 in
1015 1027 1155 1060 futurum
1174 1027 1405 1061 inviolabiliter
1430 1026 1596 1060 observari
1615 1036 1704 1059 man-

964 1081 1091 1114 darent:
1119 1082 1282 1115 emanavit
1306 1092 1323 1114 a
1348 1081 1491 1124 praefata
1521 1080 1703 1124 Congrega-

964 1135 1049 1168 tione
1074 1136 1287 1169 cardinalium
1313 1135 1477 1169 decretum
1501 1134 1623 1168 tenoris
1648 1135 1702 1178 qui

963 1189 1116 1232 sequitur,
1133 1189 1302 1222 videlicet:

1003 1252 1088 1280 Sacra
1119 1250 1309 1288 Congregatio
1341 1249 1640 1279 eminentissimorum
1674 1254 1702 1280 et

962 1300 1274 1330 reverendissimorum
1310 1299 1338 1329 S.
1377 1300 1410 1329 R.
1442 1299 1474 1329 E.
1509 1292 1718 1329 cardinalium¹

962 1349 1088 1387 negotiis
1110 1353 1137 1379 et
1161 1348 1424 1379 consultationibus
1447 1349 1651 1388 episcoporum
1675 1352 1702 1378 ct

961 1398 1140 1436 regularium
1164 1398 1340 1437 praeposita,
1359 1397 1418 1427 visa
1436 1397 1616 1426 relaxatione
1633 1397 1704 1426 emi-

961 1447 1126 1477 nentissimi
1155 1446 1279 1484 Corsini,
1314 1446 1453 1485 praedicti
1476 1445 1595 1476 Ordinis
1627 1445 1701 1484 apud

962 1497 1097 1525 Sanctam
1131 1495 1233 1526 Sedem
1267 1495 1462 1535 protectoris,
1486 1504 1519 1524 ac
1551 1495 1702 1524 enuntiato

962 1548 1028 1574 voto
1052 1544 1172 1583 capituli
1194 1544 1352 1582 generalis,
1370 1545 1514 1573 referente
1531 1544 1702 1572 eminentis—

961 1593 1035 1621 simo
1058 1598 1157 1622 nostro
1180 1592 1298 1631 Spinula
1314 1615 1321 1629 ,
1350 1592 1465 1622 censuit
1493 1596 1521 1621 et
1551 1592 1699 1629 decrevit,

940 1642 1038 1671 :idem
1061 1642 1209 1671 decretum
1240 1641 1361 1680 capituli
1388 1640 1533 1679 generalis
1563 1650 1624 1670 esse
1651 1649 1701 1679 ap-

940 1690 1143 1730 probandum
1172 1695 1200 1720 et
1230 1690 1461 1719 confirmandum
1490 1693 1521 1718 ut
1548 1689 1639 1726 infra,
1663 1689 1703 1717 vi-

962 1739 1086 1769 delicet:
1123 1749 1137 1767 <r
1169 1739 1267 1776 Quod,
1302 1742 1395 1768 stante
1429 1739 1543 1767 summa
1575 1741 1702 1775 egestate

940 1812 942 1830 ³
963 1789 1109 1828 praefatae
1146 1787 1312 1827 provinciae
1348 1786 1589 1821 Tucumanensis,
1629 1796 1702 1825 quae

940 1852 942 1861 ι
962 1836 1163 1867 intolerabiles
1184 1840 1319 1875 sumptus
1341 1835 1503 1865 adducendi
1531 1839 1702 1865 extraneum

962 1886 1197 1916 commissarium
1229 1884 1407 1913 visitatorem
1430 1883 1552 1913 sufferre
1573 1893 1630 1913 non
1654 1893 1702 1923 po-

963 1938 1028 1971 test,
1053 1934 1168 1974 quando
1191 1932 1341 1962 ludiarum
1364 1931 1581 1962 commissarius
1600 1941 1650 1971 per
1671 1942 1702 1962 se

941 1999 942 2004 =
963 1984 1058 2023 ipsum
1080 1992 1138 2012 non
1162 1982 1222 2011 vult
1250 1981 1387 2011 accedere
1417 1980 1451 2010 ad
1481 1980 1611 2010 eamdem
1635 1990 1700 2020 pro-

963 2033 1090 2063 vinciam
1107 2032 1141 2062 ad
1157 2031 1317 2071 capitulum
1341 2030 1561 2063 celebrandum,
1581 2034 1651 2060 tunc
1667 2040 1701 2060 ex

963 2082 1065 2112 eadem
1089 2081 1240 2121 provincia
1262 2079 1496 2110 commissarium
1524 2078 1701 2109 visitatorem

963 2130 1066 2161 debeat
1086 2131 1247 2169 assignare,
1271 2133 1299 2159 et
1322 2129 1355 2158 ad
1379 2129 1457 2158 hunc
1483 2128 1618 2158 effectum
1650 2138 1702 2159 suo

963 2184 1092 2219 tempore
1106 2178 1294 2218 provincialis
1307 2181 1335 2207 et
1350 2177 1560 2207 delinitorium¹
1573 2178 1701 2207 notulam

963 2228 1166 2266 religiosorum
1191 2227 1242 2256 tali
1264 2235 1386 2256 munere
1408 2226 1564 2263 dignorum
1586 2226 1703 2264 ipsimet

964 2275 1113 2305 Indiarum
1135 2274 1338 2305 commissario
1360 2274 1560 2304 transmittere
1582 2278 1701 2304 tenean-

965 2328 1023 2353 tur.
1038 2323 1300 2354 Constitutionibus
1314 2323 1484 2361 apostolicis
1495 2327 1523 2352 et
1535 2322 1653 2353 Ordinis
1669 2333 1703 2353 ac

965 2373 1029 2402 aliis
1044 2372 1277 2411 quibuscumque
1293 2371 1323 2401 in
1335 2371 1514 2401 contrarium
1529 2371 1703 2402 facientibus

965 2430 1023 2450 non
1046 2420 1229 2450 obstantibus
1253 2430 1280 2449 ».
1305 2420 1424 2456 Romae,
1447 2428 1506 2449 xxii
1529 2420 1704 2459 septembris

965 2477 1124 2498 MDccxiuv.
1147 2486 1185 2491 -—
1213 2468 1245 2497 F.
1276 2468 1356 2498 card.
1389 2468 1564 2498 Paruimus.
1596 2467 1627 2497 V.
1659 2476 1704 2497 ar-

965 2517 1060 2557 chiep.
1085 2517 1279 2547 Damascenus
1301 2520 1406 2546 secret.
1431 2516 1499 2546 Loco
1520 2517 1537 2552 †
1559 2515 1656 2554 sigilli.

1002 2576 1011 2603 1
1035 2574 1105 2602 Edit.
1126 2573 1205 2602 Main.
1226 2573 1291 2609 legit
1309 2574 1497 2611 definitorum
1516 2575 1556 2608 (a.
1574 2573 1624 2607 Τ.).

1703 184 1748 208 An,
1774 183 1802 206 tl.
1827 182 1891 208 17ῗᾶ.

1785 1259 1896 1279 Decretum

1722 1286 1854 1306 meda-tum.
