2170 3147
0 209 45 236 An.
65 206 94 234 C.
111 204 180 234 ¹726

27 1002 43 1023 Α
57 1001 130 1023 morbo
148 1006 182 1021 cu·

1 1029 52 1050 ratis
81 1030 101 1048 et
125 1033 181 1047 mun-

2 1054 56 1076 datis
71 1054 182 1074 vestimen-

2 1084 25 1102 ta
56 1081 98 1101 alia
126 1080 183 1101 adsi>

4 1109 98 1133 gnantur.

57 2368 135 2388 Novum
151 2367 191 2388 hoc

10 2393 117 2419 hospitata
127 2400 140 2415 a
151 2396 193 2414 sot-

11 2421 84 2440 vendis
99 2422 192 2443 vectiga-

11 2445 65 2467 libus
80 2447 183 2467 eximitur.

765 201 959 228 BENEDICTUS
983 201 1040 228 xm
1065 203 1112 227 PP.

188 252 322 287 nialium
347 251 553 295 proveniunt,
571 262 606 284 ac
627 251 659 284 in
680 252 926 285 subventionem

188 315 367 349 pauperum
393 303 522 346 erogari
547 310 795 344 consueverunt,
823 305 927 337 eidem

189 357 343 400 hospitali
390 366 451 400 per
497 356 660 389 Dat-ariam
706 357 928 399 Apostolioam

189 410 386 454 praedictam
412 414 443 442 et
468 409 651 441 earumdem
687 409 930 451 componenda-

189 473 260 496 rum
308 461 480 495 officiatem
528 471 585 493 seu
631 460 929 494 administratorem

191 515 364 559 quotannis
390 514 471 547 solvi
497 514 724 557 praecipimus,
752 514 857 546 donec
888 518 931 545 ta-

190 578 265 601 men
290 567 409 599 dictum
435 566 576 599 osticium
603 576 640 598 ex
664 567 804 609 persona
829 565 930 608 ipsius

191 619 349 663 Stephani
375 619 464 652 ducis
490 624 526 650 ut
550 619 733 661 praefertur
758 618 930 657 vacaverit,

192 672 326 710 adeout,
353 671 461 704 statim
487 673 597 703 secuta
634 671 723 704 illius
749 670 929 705 vacatione,

191 725 318 758 Dataria
344 724 487 767 praefata
511 724 549 756 ab
568 724 770 766 obligatione
787 724 931 756 solvendi

192 778 277 811 dicta
308 777 545 820 quadringenta
582 783 672 809 scuta
708 777 860 809 immunis
897 787 933 809 ac

192 831 297 864 libera
334 829 376 863 sit
410 835 442 862 et
477 839 546 862 esse
582 835 770 870 conseatur,
799 839 860 862 nec
884 830 934 862 ul-

196 883 296 917 terius
332 893 403 915 eam
438 882 651 926 pecuniarum
687 892 846 915 summam
871 882 933 925 ipsi

193 935 349 980 hospitali
374 936 521 978 pendere
548 940 710 968 teneatur.

238 989 252 1031 ἓ
277 988 331 1022 13.
357 988 395 1021 Et
419 998 461 1021 ne
493 998 655 1031 pauperes
691 987 853 1028 mendici,
880 988 932 1031 qui

194 1041 228 1074 in
245 1040 401 1083 hospitali
426 1040 596 1084 praedicto
614 1040 653 1072 ab
672 1040 832 1073 eiusmodi
854 1050 935 1072 mor-

194 1093 244 1126 bis
275 1092 420 1125 mundati
454 1103 489 1125 ac
520 1093 650 1125 sanitati
685 1093 824 1126 restituti
858 1093 934 1125 inde

196 1145 412 1186 dimittentur,
445 1145 657 1188 reassumptis
683 1146 747 1178 suis
772 1145 935 1192 veteribus

195 1198 336 1232 vestibus
360 1198 394 1231 in
418 1197 576 1242 pristinos
597 1198 829 1241 depositosque
854 1209 935 1231 mor-

195 1252 255 1285 bos
279 1252 397 1285 misere
423 1251 579 1291 recidant,
606 1251 712 1294 iisque
739 1252 845 1284 denuo
870 1251 936 1283 infl-

197 1302 344 1345 ciantu'r,
369 1305 542 1338 statuimus
568 1309 601 1336 ut
627 1304 783 1347 deinceps
808 1304 936 1337 moder-

196 1367 257 1390 nus
281 1367 317 1390 ac
343 1368 401 1400 pro
425 1362 572 1400 tempore
591 1357 731 1390 existens
749 1357 937 1389 victualium

197 1416 436 1444 commeatuum
468 1420 528 1454 pro
562 1412 664 1444 classe
700 1412 810 1443 nostra
848 1410 938 1442 trire-

196 1463 297 1496 mium
336 1463 517 1496 conductor
553 1474 609 1497 seu
646 1464 806 1506 provisor,
842 1473 937 1506 quem

197 1516 405 1549 assentistam
430 1516 618 1549 earumdem
641 1515 822 1548 triremium
842 1517 938 1558 vulgo

198 1569 385 1613 appellant,
423 1568 485 1611 ipsi
519 1568 675 1611 hospitali
702 1568 812 1601 eiusve
837 1568 938 1610 priori

198 1633 311 1656 omnes
338 1626 370 1654 et
395 1621 539 1663 singulas
567 1626 708 1653 vetustas
745 1626 849 1653 vestes
882 1631 938 1653 seu

197 1676 345 1709 lacernas
381 1684 418 1706 ac
454 1673 560 1716 spolia
598 1674 756 1716 remigum
794 1674 938 1706 eiusdem

198 1728 311 1761 classis
337 1726 472 1769 singulis
503 1726 597 1759 annis
622 1726 653 1758 in
680 1726 764 1759 Urbe
796 1727 940 1769 praefata

199 1781 328 1813 tradere
355 1784 386 1812 et
416 1779 614 1821 consignare
648 1779 787 1820 debeat,
814 1784 847 1810 ut
873 1779 936 1819 eis,

198 1833 303 1877 probe
329 1831 535 1875 expurgatis,
573 1832 692 1864 ablutis
718 1836 750 1864 et
776 1832 941 1864 reconcin-

199 1885 299 1925 natis,
325 1894 490 1928 pauperes
516 1884 692 1926 praedicti,
719 1894 792 1917 cum
811 1895 826 1917 e
852 1884 939 1917 dicto

199 1937 355 1982 hospitali
388 1938 612 1978 dimittuntur,
647 1937 735 1969 indui
762 1942 794 1969 et
818 1937 941 1980 operiri

201 1991 353 2030 valeant,
384 1991 533 2023 volentes
565 1990 701 2032 insuper
726 1995 761 2022 ut
793 1989 826 2022 in
858 1991 942 2022 loca-

200 2043 342 2077 tionibus
366 2053 420 2075 seu
447 2043 598 2086 appaltis,
625 2043 757 2086 quaein
776 2047 940 2086 posterum

200 2107 260 2141 per
274 2096 440 2129 Cameram
459 2101 604 2128 nostram
620 2095 841 2138 Apostolicam
861 2095 942 2128 eius-

201 2149 290 2183 modi
327 2148 507 2183 assentistis
529 2147 615 2188 sient,
642 2149 704 2181 hoc
721 2158 802 2181 onus
820 2149 941 2182 eisdem

203 2201 384 2235 assentistis
420 2211 574 2244 expresse
613 2201 803 2243 iniungatur
838 2206 870 2233 et
908 2201 941 2233 in

203 2253 428 2287 instrumentis
454 2253 595 2296 desuper
628 2252 838 2286 conficiendis
865 2253 941 2286 adii-

203 2306 317 2339 ciatur.

247 2359 262 2402 ἓ
286 2358 338 2391 14.
364 2359 408 2391 Ac
438 2359 576 2402 insuper
611 2357 755 2392 ulteriori
794 2358 942 2390 eiusdem

204 2411 377 2455 hospitalis
404 2411 585 2443 levamento
604 2411 823 2450 intendentes,
842 2410 940 2450 illud,

203 2475 261 2508 pro
285 2464 450 2507 emptione
468 2469 499 2496 et
516 2463 755 2496 introductione
773 2463 804 2495 in
824 2462 942 2496 Urbem

202 2523 291 2549 ratae
327 2526 385 2549 seu
421 2516 609 2559 quantitatis
645 2520 869 2548 sexcentorum
894 2525 943 2547 ca-

205 2570 318 2603 dorum
343 2569 408 2602 vini
427 2579 462 2602 ac
479 2568 566 2603 mille
592 2569 767 2602 salmarum
792 2568 942 2602 carbonis

972 252 1138 284 dumtaxat
1162 249 1310 294 quolibet
1336 260 1437 289 anno,
1464 255 1559 294 atque
1587 258 1710 282 aroma-

975 310 1053 344 tum,
1081 304 1162 344 olei,
1188 305 1366 347 lignorum,
1403 305 1559 343 telarum,
1586 307 1712 344 stragu-

972 358 1077 389 lorum
1096 362 1126 389 et
1144 357 1329 389 utensilium
1348 367 1406 400 pro
1422 356 1521 399 ipsius
1537 355 1710 398 hospitalis

973 408 1175 441 infirmorum
1203 420 1238 441 ac
1258 420 1472 451 personarum
1494 409 1541 441 illi
1560 414 1632 441 actu
1651 418 1711 451 pro

976 466 1121 504 tempore
1158 462 1402 494 inservientium
1441 461 1568 501 usibus,
1604 472 1620 492 a
1646 460 1713 503 qui-

975 514 1174 556 buscumque
1189 514 1412 556 vectigalibus,
1434 514 1582 556 gabellis,
1605 513 1711 553 datiis,

976 565 1124 605 dohanis,
1141 565 1289 609 pedagiis
1307 571 1337 598 et
1356 566 1555 606 transitibus,
1578 565 1713 609 aliisque

977 619 1132 651 oneribus
1172 618 1345 651 ordinariis
1382 624 1412 651 et
1452 617 1714 652 extraordinariis

977 681 1062 702 nunc
1087 676 1117 703 et
1142 681 1200 714 pro
1237 676 1384 713 tempore
1424 670 1600 713 impositis,
1634 670 1715 702 itaut

977 723 1141 766 hospitale
1168 723 1369 765 praedictum
1394 723 1477 755 nibil
1504 723 1637 755 omnino
1662 722 1715 754 ho-

978 785 1048 807 rum
1082 780 1136 807 aut
1170 775 1308 808 aliorum
1345 775 1496 808 similium
1533 785 1592 817 pro
1618 774 1715 806 rebus

978 828 1172 870 supradictis
1208 828 1316 860 subire
1355 834 1523 867 teneatur,
1561 837 1622 860 nec
1657 836 1716 870 per

978 880 1130 913 Gamerae
1156 880 1361 923 Apostolicae
1386 886 1438 913 aut
1465 880 1543 913 alios
1571 879 1717 912 commis-

979 934 1102 973 sarios,
1137 944 1193 966 seu
1227 934 1432 976 vectigalium
1468 938 1522 966 aut
1558 933 1717 966 datiorum

980 986 1165 1019 huiusmodi
1191 986 1428 1029 redemptores,
1455 985 1669 1019 conductores
1687 990 1719 1018 et

980 1046 1169 1080 exactores,
1194 1041 1233 1072 ad
1267 1041 1298 1073 id
1324 1041 1427 1072 valeat
1452 1039 1624 1079 coarctari,
1653 1039 1719 1071 exi-

980 1094 1098 1127 mimus
1125 1099 1155 1126 et
1171 1093 1360 1132 liberamus,
1378 1093 1570 1125 mandantes
1589 1103 1719 1135 quoque

979 1152 1013 1179 ut
1030 1147 1163 1179 Camera
1179 1146 1324 1189 praefata
1345 1145 1452 1178 eidem
1473 1144 1630 1187 hospitali
1648 1155 1719 1177 eain

980 1199 1060 1241 salis·
1080 1199 1310 1242 quantitatem,
1337 1208 1400 1241 qua
1425 1197 1473 1230 illi
1503 1208 1585 1240 opus
1612 1197 1719 1237 suerit,

980 1257 1078 1296 prout
1103 1251 1217 1284 ceteris
1247 1250 1343 1283 Urbis
1376 1249 1594 1293 hospitalibus
1626 1260 1720 1292 prae-

981 1311 1064 1337 stare
1089 1303 1266 1343 consuevit,
1288 1302 1452 1335 annuatim
1475 1302 1720 1335 subministrare

982 1359 1109 1391 debean

1025 1412 1039 1454 ἓ
1064 1410 1118 1443 15.
1147 1409 1184 1442 Ut
1208 1415 1317 1442 autem
1350 1409 1514 1451 hospitale
1541 1408 1721 1451 praefatum

982 1474 1040 1506 per
1063 1473 1121 1495 nos
1140 1468 1292 1501 erectum,
1312 1467 1344 1494 et
1362 1460 1591 1504 temporalium
1616 1471 1723 1494 rerum

983 1515 1136 1549 subsidiis
1173 1521 1207 1547 ut
1242 1514 1426 1558 praefertur
1466 1514 1649 1554 munitum,
1689 1525 1724 1546 ac

982 1578 1144 1612 personae
1180 1568 1213 1599 in
1251 1578 1289 1600 eo
1329 1567 1486 1609 degentes
1527 1566 1723 1599 caelestibus

984 1632 1110 1665 quoque
1148 1621 1366 1664 spiritualium
1404 1621 1579 1662 gratiarum
1613 1626 1644 1653 et
1676 1621 1725 1653 in-

983 1675 1148 1707 dultorum
1185 1673 1430 1715 locupletentur
1467 1673 1648 1713 thesauris,
1685 1672 1724 1705 de

984 1725 1219 1768 omnipotentis
1253 1725 1308 1758 Dei
1339 1725 1563 1758 misericordia
1588 1735 1623 1757 ac
1647 1725 1725 1758 bea-

985 1785 1089 1812 torum
1115 1778 1201 1811 Petri
1228 1783 1260 1811 et
1284 1778 1375 1810 Pauli
1401 1778 1624 1821 apostolorum
1654 1777 1723 1810 eius

984 1831 1174 1864 auctoritate
1200 1830 1323 1870 confisi,
1351 1830 1502 1863 omnibus
1531 1836 1563 1863 et
1589 1830 1725 1872 singulis

983 1885 1154 1927 utriusque
1187 1894 1282 1916 sexus
1319 1883 1588 1916 christifidelibus
1615 1883 1646 1915 in
1673 1893 1725 1916 eo-

984 1938 1057 1970 dem
1084 1936 1239 1980 hospitali
1266 1935 1543 1976 decumbentilms,
1569 1935 1724 1979 illiusque

984 1989 1178 2022 officialibus
1198 1994 1229 2022 et
1247 1988 1405 2021 ministris
1423 1987 1502 2020 inibi
1520 1998 1725 2021 commoran-

985 2041 1083 2082 tibus,
1122 2041 1176 2085 qui
1203 2042 1235 2073 in
1260 2041 1442 2074 Nativitatis
1468 2040 1590 2074 domini
1619 2041 1724 2073 nostri

983 2095 1053 2128 iesu
1073 2094 1202 2134 Christi,
1220 2094 1433 2137 Epiphaniae,
1451 2093 1723 2134 Resurrectionis,

984 2146 1202 2186 Ascensionis,
1230 2146 1448 2186 Pentecostes,
1473 2145 1526 2178 SS.
1546 2145 1722 2186 Trinitatis,

985 2205 1016 2232 et
1039 2199 1192 2242 Corporis
1218 2198 1365 2231 eiusdem
1392 2197 1514 2230 domini
1532 2198 1635 2230 nostri
1653 2197 1725 2230 Iesu

984 2252 1115 2292 Christi,
1141 2262 1268 2284 necnon
1307 2250 1557 2290 Pui‘iticationis,
1592 2251 1725 2284 Annun-

985 2305 1157 2344 clationis,
1195 2303 1436 2346 Assumptionis
1475 2308 1507 2336 et
1542 2303 1723 2337 Nativitatis

984 2357 1098 2390 beatae
1130 2356 1246 2389 Mariae
1276 2356 1439 2398 Virginis,
1476 2367 1512 2389 ac
1547 2355 1724 2390 Nativitatis

985 2409 1016 2442 S.
1036 2409 1165 2442 Ioannis
1187 2409 1349 2451 Baptistae
1369 2414 1465 2452 atque
1483 2409 1724 2452 Apostolorum,

985 2460 1311 2495 Commemorationis
1342 2460 1493 2493 Omnium
1529 2461 1725 2495 Sanctorum

987 2514 1232 2554 festivitatibus,
1259 2523 1294 2546 ac
1315 2513 1523 2547 Dedicationc
1550 2515 1646 2548 huius
1672 2526 1725 2548 ec-

985 2568 1115 2608 clesiae,
1155 2577 1227 2600 vere
1263 2567 1470 2610 poenitentes
1508 2573 1539 2601 et
1571 2567 1721 2609 confessi,

1607 191 1671 225 447
1718 199 1767 226 An.
1791 198 1818 226 c.
1838 198 1905 226 ¹726

1773 1420 1917 1442 tudutzcutiae

1734 1447 1754 1467 in
1764 1447 1837 1467 eodem
1847 1446 1918 1471 hospt-

1735 1474 1771 1493 talt
1792 1473 1919 1493 decumum-

1735 1500 1791 1519 tibus
1817 1502 1836 1519 ct
1860 1499 1922 1518 mini-

1736 1529 1783 1545 stiis
1801 1526 1920 1546 cuiiceituu·

1736 1556 1776 1573 tur.
