2170 3147
17 255 73 283 An.
91 253 120 280 G.
139 252 204 280 ¹727

208 297 315 342 operis
339 297 555 331 abundantiae
587 297 625 330 ad
651 297 744 329 rubia
776 297 863 329 mille
896 307 946 328 se-

208 349 524 394 ptingentaquinque
540 349 602 382 iam
624 350 801 383 ascendere
818 359 946 391 compe-

208 403 320 443 riatur,
348 402 423 435 inde
448 402 593 445 quinque
618 402 756 434 millium
780 406 945 433 scutorum

209 455 325 487 valoris
355 456 498 487 locorum
531 454 688 487 montium
720 464 846 486 summa
871 464 946 485 con-

210 508 321 549 surgit.
344 507 484 550 Cumque
509 512 598 540 scuta
622 506 946 549 quingentaquinque

210 570 282 593 cum
317 560 423 592 obolis
460 559 773 602 octogintaquinque
805 570 822 590 a
847 559 948 600 depo-

211 612 321 645 sitario
347 612 490 644 eiusdem
514 612 559 655 pii
589 611 696 654 operis
730 611 946 644 abundantiae

211 665 434 705 retineantur,
460 665 545 697 hanc
568 670 765 707 postremam
791 674 946 696 summam

212 718 311 750 iidem
336 717 583 750 Camerinenses
612 717 642 748 in
676 716 738 749 alia
764 717 833 748 loca
859 726 949 747 mon-

214 771 292 802 tium
318 780 379 813 per
403 780 436 802 se
461 769 604 802 investiri
639 770 822 812 petierunt3
850 779 950 811 quan-

214 823 390 866 doquidem
427 833 463 854 ea
495 832 578 864 quae
611 828 764 864 superest
795 821 949 853 frumenti

214 876 397 918 quantitas,
432 875 546 907 civium
581 874 795 917 indigentiam
820 874 950 906 abunde

214 929 344 971 explere
379 933 585 970 potest‚-nec
617 928 694 960 alias
719 927 788 969 ipsa
820 927 948 966 civitas,

215 991 296 1024 qnae
322 981 414 1013 etiam
440 981 470 1012 in
497 980 642 1012 districtu
668 980 863 1022 populorum
890 979 953 1012 sre-

214 1033 346 1075 quentia
371 1032 566 1070 destituitur,
593 1032 691 1064 tritici
718 1032 860 1074 inopiam
887 1032 952 1075 pati

215 1090 340 1128 potest,
367 1085 408 1117 ob
440 1095 589 1117 annonae
620 1084 746 1126 copiam
780 1094 863 1127 qnae
894 1083 975 1116 ibi-²

216 1139 288 1170 dem
314 1137 476 1179 colligitur
513 1139 554 1170 ob
581 1137 777 1170 vicinitatem
818 1138 951 1177 Piceni,

214 1190 301 1222 unde
339 1200 450 1223 eornm
487 1189 678 1231 indigentiis
714 1191 886 1223 commode
923 1197 955 1223 et

215 1243 306 1275 tenui
332 1251 402 1275 cnm
428 1242 599 1285 dispendio
631 1243 801 1275 consulere
833 1244 951 1275 valent..

216 1295 305 1328 Licet
342 1305 420 1327 vero
459 1295 491 1326 in
528 1295 716 1337 praemissis
753 1295 904 1337 capitulis
937 1307 954 1327 a

217 1348 316 1380 Paulo
355 1348 413 1380 ΡΡ.
441 1347 463 1379 V
500 1347 690 1390 approbatis
729 1354 878 1380 caveatur
914 1358 954 1380 ne

216 1400 304 1432 idem
328 1400 467 1432 triticum
494 1400 526 1432 in
552 1400 634 1433 alios
660 1411 746 1439 usnS,
772 1401 865 1434 etiam
890 1401 956 1443 pio-

216 1463 287 1485 rum
312 1463 457 1496 opernm‚
475 1464 492 1485 a
513 1452 795 1485 Camerinensibus
820 1464 955 1486 conver·
976 1449 978 1454 ’

218 1511 312 1544 tatur,
339 1505 565 1545 nihilominus,
591 1506 643 1537 uhi
671 1506 958 1547 superabundave-

219 1559 279 1598 rit,
298 1558 331 1590 in
348 1559 428 1591 alios
446 1558 516 1601 pios
534 1569 610 1590 usus
632 1559 774 1600 impendi
798 1560 957 1601 permitti-

221 1617 280 1651 tur,
299 1612 342 1644 ita
360 1617 411 1651 ut,
438 1612 554 1644 eodem
572 1612 626 1654 pio
646 1622 745 1653 opere
762 1612 956 1655 adimpleto,

221 1665 246 1697 si
271 1675 388 1706 magna
413 1664 459 1696 vis
486 1664 634 1696 frumenti
671 1666 831 1707 supersit,
858 1672 933 1697 tune
949 1693 956 1706 ‚
979 1686 981 1690 .

222 1719 309 1750 salva
334 1727 465 1760 semper
489 1722 519 1749 et
545 1717 656 1749 illaesa
682 1723 871 1750 remanente
898 1718 960 1750 frn-

221 1771 321 1803 menti
348 1770 527 1812 quantitate
553 1769 659 1802 eidem
686 1771 740 1812 pio
775 1771 866 1812 operi
904 1782 960 1803 ne-

224 1824 385 1863 cessaria,
413 1824 451 1855 de
489 1822 616 1865 reliquo
653 1833 746 1855 mons
784 1824 960 1856 frumenta-

223 1876 291 1907 rius
314 1886 375 1918 pro
400 1875 557 1907 mutando
583 1875 663 1917 erigi
689 1875 804 1918 possit,
826 1876 962 1908 retentis

225 1933 332 1959 tamen
357 1927 548 1969 pignoribus
573 1927 682 1969 gratis,
702 1933 756 1959 aut
782 1928 883 1960 libere
910 1928 963 1960 do·
992 1929 1000 1934 ”

227 1979 334 2011 nando
360 1979 554 2011 frumentum
581 1980 792 2021 pauperibus,
820 1981 962 2022 pupillis,

228 2032 395 2073 orphanis,
422 2032 538 2074 puellis
564 2039 594 2064 et
618 2032 728 2071 viduis,
748 2033 829 2064 utin
848 2033 962 2065 iisdem

229 2083 376 2126 capitulis
416 2084 510 2116 latius
552 2085 748 2117 continetur.
788 2086 869 2117 Hinc
905 2096 964 2127 pro

231 2137 368 2168 duorum
404 2137 627 2178 professorum
664 2138 815 2178 congruis
845 2138 966 2179 stipen-

232 2189 292 2221 diis
309 2189 512 2230 aliorumque
531 2199 665 2221 onerum
685 2189 843 2222 levamine
869 2190 965 2222 iidem

230 2240 474 2272 Camerinenses
510 2241 673 2282 praedicta
712 2247 800 2273 scuta
836 2247 965 2273 centum

230 2292 345 2334 viginti
371 2298 403 2325 et
428 2294 500 2324 loca
525 2293 681 2325 montium
701 2300 878 2326 memorata
902 2293 968 2326 nni-

231 2345 372 2377 versitati
399 2345 497 2377 studii
519 2345 680 2387 generalis
698 2346 891 2387 erigendae¹
911 2357 969 2388 per

231 2408 291 2430 nos
315 2399 468 2437 concedi,
487 2398 641 2440 assignari
668 2404 698 2431 et
723 2399 879 2441 applicari
905 2410 966 2442 po-

230 2451 442 2483 stulaverunt.
457 2450 524 2488 Quo
542 2461 586 2490 se,
601 2451 968 2484 sicutCamerinensium

230 2503 346 2546 petitio
370 2504 599 2546 subiungebat,
627 2504 658 2535 in
686 2504 800 2536 eodem
825 2504 970 2546 generali

232 2556 382 2595 consilio,
403 2556 445 2588 ob
463 2556 639 2598 praemissa
664 2561 696 2588 et
720 2556 928 2600 infrascripta
954 2568 970 2589 a

267 2618 278 2644 1
302 2617 372 2643 Edit.
394 2617 472 2644 Maia.
495 2617 559 2652 legit
578 2617 720 2651 eriyenda
740 2619 780 2651 (n.
798 2619 837 2649 τ.)

791 248 985 273 BENEDICTUS
1011 248 1067 271 xm
1092 248 1141 271 ΡΡ.

1623 235 1682 269 581
1734 247 1786 271 An.
1806 245 1836 272 c.
1854 245 1921 272 1727

987 295 1081 328 nobis
1106 299 1139 328 et
1163 295 1351 338 Apostolica
1383 295 1465 327 Sede
1491 293 1634 335 benigne
1669 293 1729 325 im·

988 347 1165 388 petranda‚
1184 347 1341 380 demissas
1359 357 1474 390 preces
1492 346 1650 379 exhibere
1669 350 1729 378 sta-

989 404 1139 439 tuerunt,
1166 399 1261 432 nobis
1286 410 1347 442 pro
1374 405 1463 442 parte
1488 399 1728 431 communitatis

990 457 1086 494 atque
1104 452 1273 485 hominum
1288 452 1528 495 praedictorum
1545 452 1728 486 humillime

989 504 1219 546 supplicanteS,
1244 510 1296 544 ut,
1324 515 1433 537 eorum
1460 506 1644 543 commodo,
1670 505 1732 537 uti-

991 556 1071 588 litati
1101 566 1137 588 ac
1170 557 1281 589 decori
1318 557 1577 600 prospicientes,
1617 558 1662 590 eis
1697 558 1730 590 in

991 608 1165 650 praedictis
1179 609 1217 641 de
1239 609 1442 651 benignitate
1461 610 1642 653 apostolica
1658 621 1731 653 pro-

991 661 1103 693 videre
1129 662 1349 703 dignaremur.

1036 715 1050 757 ἓ
1076 714 1107 747 3.
1134 714 1198 747 Nos
1228 715 1348 757 igitur,
1375 716 1581 748 Camerinum
1608 717 1733 759 praeci·
1773 723 1928 757 ‚Commgtutur

992 777 1088 809 puam
1113 767 1263 800 Umbriae
1285 768 1453 808 civitatem,
1473 780 1554 812 quae
1576 771 1655 802 alias
1674 752 1927 807 suitfflilsssssslmssffiffi

993 826 1089 862 capnt
1113 820 1295 859 Marchiae,
1322 822 1397 854 iude
1423 822 1550 861 dictae,
1579 827 1611 854 et
1637 823 1731 855 sedes
1744 804 1866 851 iiiiiiiiiii?
1882 809 1926 824 ω’

994 873 1091 914 legati
1117 874 1298 915 apostolici,
1317 884 1466 916 quaeque
1492 875 1683 918 episcopatu
1702 876 1733 908 in

995 927 1163 969 provincia
1198 926 1343 960 Romana
1379 928 1558 960 constituto
1595 928 1735 971 ideoque

996 979 1072 1012 huic
1097 979 1233 1012 Sanctae
1252 979 1325 1012 Sedi
1350 980 1538 1012 immediate
1561 980 1736 1021 subiect0¹‚

996 1032 1209 1075 eiusdemque
1239 1033 1506 1065 communitatem
1542 1037 1637 1076 atque
1672 1035 1734 1067 lio-

996 1085 1099 1117 mines
1125 1085 1256 1127 speciali
1284 1085 1390 1118 favore
1407 1091 1439 1118 et
1457 1086 1561 1127 gratia
1580 1088 1736 1129 prosequi

997 1140 1166 1177 volentes,
1195 1138 1334 1180 illosque
1361 1144 1392 1170 et
1417 1149 1530 1171 eornm
1557 1139 1740 1181 singulares

997 1201 1155 1234 personas
1185 1201 1203 1222 a
1233 1191 1403 1234 quibusvis
1429 1193 1741 1225 excommunicatio-

999 1244 1067 1282 nis,
1099 1243 1326 1286 suspensionis
1363 1250 1394 1276 et
1427 1245 1611 1283 interdicti,
1645 1245 1738 1277 aliis-

998 1308 1061 1340 que
1089 1297 1317 1329 ecelesiasticis
1343 1298 1524 1336 sententiis,
1547 1299 1692 1330 censuris
1711 1304 1743 1331 et

999 1349 1130 1391 poenis,
1156 1360 1172 1381 a
1197 1349 1268 1381 iure
1294 1349 1342 1381 vel
1377 1349 1416 1381 ab
1455 1350 1604 1389 homine,
1631 1351 1742 1393 quavis

999 1402 1170 1435 occasione
1194 1403 1245 1435 vel
1271 1405 1365 1434 causa
1383 1403 1464 1441 latis,
1485 1403 1510 1435 si
1529 1403 1646 1446 quibus
1664 1415 1744 1446 quo-

1000 1454 1181 1487 modolibet
1201 1454 1348 1487 innodati
1366 1454 1518 1493 existunt,
1538 1456 1575 1487 ad
1594 1455 1743 1488 effectum

1001 1507 1221 1550 praesentium
1252 1507 1420 1539 dumtaxat
1454 1508 1742 1550 consequendum,

1002 1561 1114 1592 harum
1151 1559 1237 1591 serie
1273 1560 1479 1591 absolventes
1514 1566 1546 1592 et
1577 1560 1745 1593 absolutos

1004 1612 1071 1643 fore
1105 1617 1292 1651 censentes,
1328 1622 1456 1644 necnon
1482 1612 1526 1654 pii
1552 1612 1661 1655 operis
1686 1614 1747 1645 hu-

1003 1664 1142 1696 iusmodi
1176 1664 1377 1696 fundationis
1399 1670 1430 1697 et
1450 1665 1668 1708 capitulorum
1688 1675 1747 1708 per

1004 1717 1125 1749 dictum
1151 1717 1287 1749 Paulum
1315 1718 1373 1749 Pr.
1397 1717 1420 1748 V
1446 1718 1701 1760 approbatorum
1715 1724 1747 1750 et

1005 1770 1079 1802 dieti
1104 1770 1278 1802 Clementis
1304 1770 1362 1802 Pr.
1392 1770 1414 1801 X
1443 1770 1625 1801 litterarum
1655 1780 1748 1812 prae-

1005 1823 1178 1865 dictaeque
1192 1822 1330 1854 civitatis
1349 1827 1546 1854 statutorum
1569 1822 1747 1864 respective

1007 1882 1146 1913 tenores,
1166 1875 1260 1907 etiam
1276 1874 1428 1912 veriores,
1448 1874 1498 1906 liis
1515 1874 1637 1906 eisdem
1655 1886 1749 1918 prae-

1006 1928 1152 1960 sentibus
1179 1938 1238 1969 pro
1270 1928 1367 1969 plene
1403 1933 1435 1959 et
1466 1927 1665 1960 sufficienter
1696 1938 1750 1960 cx-

1007 1981 1131 2024 pressis
1159 1981 1335 2018 habentes,
1373 1979 1556 2012 huiusmodi
1585 1981 1750 2023 supplica-

1009 2034 1151 2066 tionibus
1177 2032 1345 2072 inclinati,
1371 2032 1566 2064 fraternitati
1592 2038 1665 2066 tuae
1691 2044 1750 2076 per

1008 2086 1184 2128 apostolica
1210 2084 1330 2127 scripta
1356 2086 1557 2125 mandamns,
1579 2092 1749 2128 qnatenus,

1010 2139 1093 2170 veris
1116 2137 1331 2170 existentibus
1356 2137 1508 2177 narratis,
1529 2143 1560 2170 et
1578 2138 1603 2169 si
1630 2138 1685 2170 illa
1704 2138 1752 2170 di-

1010 2191 1124 2233 ligenti
1150 2190 1296 2223 examine
1320 2189 1447 2222 veritati
1474 2190 1547 2222 nixa
1575 2191 1749 2233 repereris,

1010 2242 1042 2274 in
1067 2243 1233 2285 praedicta
1266 2242 1394 2274 civitate
1427 2242 1647 2275 Canieriuensi
1682 2243 1752 2275 uni-

1011 2294 1196 2327 versitatem
1216 2293 1312 2326 studii
1328 2294 1501 2336 generalis,
1522 2295 1574 2326 ubi
1594 2295 1750 2337 praedicti

1012 2348 1132 2390 aliique
1157 2348 1359 2390 inposterum
1385 2348 1582 2390 adiungendi
1605 2349 1750 2390 magistri

1013 2403 1042 2430 et
1069 2398 1271 2440 professores
1302 2399 1522 2440 theologiam,
1547 2399 1595 2432 ins
1621 2400 1753 2433 canoni-

1013 2461 1085 2483 cum
1123 2456 1154 2483 et
1194 2451 1306 2491 civile,
1340 2452 1595 2494 philosophiam,
1623 2453 1752 2486 medici-

1014 2514 1103 2543 nam,
1130 2504 1405 2544 mathematicam,
1424 2504 1568 2546 aliasque
1594 2505 1750 2548 ingenuas

1052 2576 1061 2599 t
1085 2573 1196 2600 Videtur
1210 2573 1306 2600 deesse
1321 2575 1438 2610 yaicdee,
1455 2579 1501 2602 aut
1516 2575 1623 2611 aliquod
1640 2576 1752 2602 verbum

1013 2617 1099 2644 simile
1119 2619 1156 2653 (fl.
1172 2618 1219 2651 τ.).
