2170 3147
5 178 31 198 n.
48 169 76 196 C.
100 170 167 197 1725

749 173 943 196 BENEDICTUS
969 172 1024 196 XIII
1051 173 1098 197 FP.

172 220 319 260 cultates,
333 219 572 258 concessiones,
588 219 722 260 indulta,
745 220 914 263 indulgen-

171 272 241 310 tias,
266 276 473 314 peccatorum
494 271 712 310 remissiones,
739 277 769 304 et
795 273 913 314 gratias

172 329 234 356 tam
257 323 445 366 spirituales
470 334 565 366 quam
593 325 799 366 temporales,
826 325 913 357 litte-

172 386 286 418 rasque
309 375 517 419 apostolicas,
543 377 638 408 etiam
667 375 820 408 iustitiam
847 377 911 409 sive

171 428 293 461 mixtim
319 428 564 467 concernentia,
591 429 746 461 hactenus
770 439 829 471 per
853 439 911 461 nos
933 451 934 456 ,

171 487 203 515 et
219 491 439 524 quoscumque
461 481 541 514 alios
560 482 722 514 Romanos
741 481 911 515 Pontifices

171 540 233 567 tam
273 535 541 578 praedecessores
577 545 673 578 quam
709 545 910 568 successores

171 592 307 627 nostros,
335 592 367 620 et
391 587 530 631 denique
555 587 670 620 Sedem
691 587 908 630 Apostolicam

169 640 390 683 praedictam,
417 646 447 673 et
471 640 556 673 illius
581 642 705 684 legatos
733 640 772 673 de
797 640 907 678 latere,

169 693 236 725 sive
260 692 406 733 nuncios,
434 699 465 726 et
490 693 598 736 quavis
627 692 814 726 auctoritate
839 693 910 725 sun-
931 716 932 725 1

170 751 296 789 gentes,
315 747 411 779 etiam
436 751 536 787 motu,
554 746 689 779 scientia
714 752 744 779 et
768 751 910 789 potesta-

169 800 208 832 tis
233 799 439 842 plenitudine
465 799 635 840 similibus,
672 799 767 833 etiarn
804 799 909 832 consi-

167 852 356 891 storialiter,
379 857 440 884 tam
466 852 497 884 in
524 862 643 894 genere
661 862 754 895 quam
781 852 812 884 in
837 862 909 895 spe-

167 904 226 946 cie,
253 911 283 938 et
309 911 371 937 tam
397 905 612 938 communiter
641 911 672 938 et
696 901 905 945 coniunctim,

166 968 260 1000 quam
296 957 539 1001 particulariter
573 962 603 990 et
639 957 773 997 divisim,
811 958 907 990 etiam

166 1022 226 1054 per
245 1011 376 1044 modum
398 1010 596 1044 extensionis
618 1021 673 1043 seu
695 1010 907 1043 communica-

167 1063 272 1102 tionis,
298 1069 328 1096 et
353 1064 430 1096 alias
455 1063 714 1106 quomodolibet,
741 1063 906 1106 quibusvis

165 1116 340 1150 Ordinibus
374 1117 506 1149 fratrum
544 1122 576 1149 et
609 1126 757 1150 sororum
787 1116 907 1149 Mendi-

165 1170 322 1210 cantium,
340 1180 547 1213 quocumque
567 1170 696 1208 nomine
721 1180 907 1212 nuncupen-

165 1229 224 1263 tur,
257 1223 452 1266 illorumque
483 1224 799 1266 congregationibus,
830 1234 910 1266 con-⁴

162 1275 313 1309 ventibus
339 1282 370 1308 et
394 1276 554 1319 capitulis,
572 1288 607 1309 ac
625 1277 793 1320 utriusque
812 1288 906 1310 sexus

162 1329 322 1373 personis,
349 1340 384 1362 ac
409 1329 540 1362 illorum
565 1330 782 1369 monasteriis,
803 1330 906 1363 domi-

161 1382 234 1423 bus,
259 1382 417 1423 ecclesiis,
450 1383 667 1426 hospitalibus
693 1389 724 1416 et
749 1383 819 1416 aliis
844 1384 905 1426 piis

161 1436 241 1469 locis
267 1437 424 1469 hactenus
449 1446 603 1469 concessa
629 1442 659 1469 et
684 1436 715 1468 in
736 1442 905 1480 posterum

161 1489 383 1530 concedenda,
406 1499 543 1532 quorum
568 1489 712 1522 omnium
740 1495 772 1522 et
795 1490 905 1532 singn-

160 1543 265 1575 lornm
292 1548 431 1580 tenores,
469 1553 505 1575 ac
530 1542 557 1574 si
584 1542 621 1575 de
648 1542 745 1575 verbo
771 1542 809 1575 ad
835 1553 904 1575 ver-

160 1595 237 1628 bum
262 1595 374 1628 inserti
401 1595 518 1635 forent,
541 1606 599 1638 pro
625 1595 785 1638 expressis
810 1601 841 1628 et
861 1596 904 1628 in-

160 1648 253 1681 sertis
290 1648 402 1681 haberi
440 1649 611 1688 volumus,
650 1649 754 1681 eidem
791 1649 902 1681 Ordini

160 1701 195 1734 B.
222 1700 338 1734 Mariae
371 1701 410 1733 de
432 1701 578 1734 Mercede
600 1701 836 1744 redemptionis
857 1712 903 1734 ca-

159 1753 323 1796 ptivorum
350 1753 546 1793 huiusmodi,
580 1754 731 1797 illiusque
757 1754 925 1797 patribuss

160 1806 347 1849 praedictis,
374 1817 409 1839 ac
441 1807 592 1840 omnibus
629 1807 716 1840 illius
752 1799 925 1861 personis}

159 1870 195 1892 ac
231 1859 442 1892 conventibus
482 1860 602 1903 ubique
640 1866 795 1893 terrarum
833 1861 902 1893 sitis

159 1911 228 1954 (ita
253 1911 339 1954 quod
376 1911 461 1944 Ordo
487 1912 521 1944 Β.
544 1912 659 1945 Mariae
691 1913 729 1945 de
756 1912 900 1946 Mercede
922 1941 924 1946 ,

158 1963 393 2007 redemptionis
429 1964 627 2008 captivorum
655 1965 840 1999 huiusmodi
867 1966 888 1999 il

158 2017 288 2061 liusque
321 2017 436 2050 fratres
463 2023 494 2051 et
519 2028 679 2060 personae
716 2019 899 2062 praedictae

158 2070 309 2103 omnibus
335 2075 366 2103 et
390 2070 525 2113 singulis
558 2071 750 2114 privilegiis,
786 2072 901 2104 immu-

158 2122 330 2163 nitatibus,
364 2123 638 2166 exemptionibus,
680 2124 898 2166 facultatibus,

158 2175 436 2215 concessionibus,
456 2176 600 2217 indultis,
619 2177 842 2220 indulgentiis,
856 2189 900 2211 re-

157 2228 376 2268 missionibus,
402 2224 513 2271 gratiis
546 2236 576 2262 et
613 2230 749 2271 litteris,
777 2231 898 2264 eisdem

157 2281 291 2314 fratrum
326 2287 358 2314 et
393 2291 540 2314 sororum
566 2282 818 2316 Mendicantium
843 2283 899 2316 Or-

158 2333 298 2375 dinibus,
326 2335 642 2377 congregationibus,
669 2337 897 2378 conventibus,

157 2386 318 2428 capitulis,
332 2388 491 2430 personis,
505 2389 718 2428 monasteriis,
738 2388 898 2429 domibus,

157 2439 316 2479 ecclesiis,
337 2440 552 2482 hospitalibus
579 2447 610 2473 et
635 2441 705 2473 aliis
726 2441 788 2483 piis
807 2442 899 2481 loris,

156 2496 191 2523 ut
215 2492 408 2535 praefertur,
435 2493 592 2526 hactenus
618 2493 778 2525 concessis
814 2499 845 2526 et
868 2494 898 2526 in

155 2549 323 2588 posterum
350 2545 584 2587 concedendis,
611 2546 787 2579 dummodo
814 2546 899 2580 insti-

958 226 1027 255 tuto
1052 222 1181 255 Ordinis
1208 223 1241 255 B.
1269 223 1385 256 Mariae
1413 223 1451 256 de
1478 224 1622 257 Mercede
1648 235 1698 257 re-

957 274 1150 317 demptionis
1168 276 1365 319 captivorum
1384 277 1582 317 huiusmodi,
1597 277 1699 311 illius-

957 338 1018 369 que
1045 328 1179 371 fratrum
1205 339 1260 362 seu
1288 329 1516 372 deputatorum
1547 341 1698 373 persona·

957 390 1025 411 rum
1054 380 1239 413 huiusmodi
1257 382 1412 414 voluntati
1435 388 1466 414 et
1491 383 1697 426 beneplacito

956 442 1020 464 non
1046 432 1262 475 resragentur,
1281 433 1334 474 uti,
1355 434 1426 472 frui,
1444 434 1540 477 potiri
1568 441 1598 468 et
1623 446 1697 478 gau-

956 483 1031 516 dere
1049 483 1151 517 libere
1178 490 1209 517 et
1232 485 1318 517 licite
1339 486 1462 528 possint
1486 487 1518 519 in
1544 488 1696 521 omnibns

955 541 986 568 et
1018 547 1075 578 per
1107 538 1224 577 omnia,
1250 548 1315 570 non
1343 540 1447 571 solum
1488 540 1527 572 ad
1564 540 1695 574 illorum

954 588 1072 628 instar,
1103 589 1158 622 sed
1185 590 1401 631 paiisorniiter
1427 597 1458 624 et
1483 602 1586 634 aeque
1613 594 1697 635 prin-

954 641 1102 683 cipaliter
1126 641 1247 684 absque
1267 644 1332 675 ulla
1350 654 1483 685 prorsus
1502 643 1694 686 differentia,

953 693 1087 736 perinde
1113 705 1148 726 ac
1173 694 1196 726 si
1223 694 1333 727 Ordini
1358 695 1393 728 B.
1414 695 1529 729 Mariae
1555 697 1593 729 de
1616 698 1696 730 Mer-

953 746 1032 779 cede
1070 747 1303 790 redemptionis
1338 749 1540 791 captivorum
1575 750 1691 783 huius-

952 799 1037 832 modi
1064 798 1219 843 illiusque
1246 800 1397 834 fratribus
1424 806 1454 833 et
1479 803 1694 835 conventibus

952 852 1127 895 praedictis
1153 852 1343 886 nominatim
1377 859 1409 886 et
1440 855 1625 897 specialiter
1657 867 1693 889 ac

952 906 1151 947 generaliter
1176 916 1329 939 concessa
1354 906 1536 950 fuissent)¹
1563 914 1694 952 aposto-

951 958 1011 990 lica
1036 958 1226 991 auctoritate
1259 965 1420 1002 perpetuo
1441 960 1611 1001 sancimus,
1642 973 1694 995 vo-

951 1010 1060 1042 lumus
1081 1016 1112 1043 et
1130 1010 1343 1051 declaramus,
1371 1022 1406 1044 ac
1431 1013 1554 1055 pariter
1578 1023 1694 1047 conce-

951 1063 1054 1096 dimus
1076 1070 1106 1096 et
1126 1063 1347 1107 indulgemus.

993 1117 1007 1159 ξ
1031 1116 1062 1149 6.
1086 1117 1277 1150 Praesentes
1304 1128 1434 1161 quoque
1460 1119 1584 1152 litteras
1603 1121 1692 1153 nullo

950 1180 1092 1212 unquam
1132 1175 1279 1213 tempore
1320 1181 1378 1213 per
1418 1182 1475 1205 nos
1513 1178 1544 1205 et
1575 1173 1692 1206 Sedem

950 1223 1147 1265 praedictam
1174 1224 1317 1255 revocari
1340 1230 1392 1256 aut
1411 1225 1540 1257 limitari
1563 1227 1611 1259 vel
1630 1226 1694 1260 illis

950 1276 1100 1318 derogari
1119 1286 1228 1319 posse,
1248 1287 1353 1319 neque
1372 1278 1430 1310 sub
1449 1279 1523 1311 ullis
1540 1278 1692 1313 similium

950 1330 998 1362 vel
1028 1329 1232 1362 dissimilium
1261 1330 1451 1372 gratiarum,
1479 1333 1692 1366 revocationi-

948 1381 1019 1423 bus,
1046 1382 1327 1425 suspensionibus,
1355 1383 1614 1424 limitationibus,
1638 1386 1690 1418 de·

948 1435 1181 1477 rogationibus,
1208 1440 1262 1467 aut
1287 1436 1356 1469 aliis
1387 1437 1556 1470 contrariis
1584 1437 1693 1481 dispo-

925 1498 927 1506 ’
948 1488 1131 1529 sitionibus,
1147 1499 1231 1522 nnnc
1248 1493 1277 1522 ct
1295 1500 1354 1532 pro
1371 1495 1517 1533 tempore
1534 1491 1690 1524 emanatis

949 1547 980 1573 et
1004 1541 1036 1573 in
1063 1547 1229 1585 posterum
1248 1542 1449 1583 emanandis,
1474 1544 1691 1586 comprehen-

948 1595 990 1634 di,
1019 1596 1074 1628 sed
1101 1606 1229 1638 semper
1254 1595 1293 1628 ab
1313 1595 1376 1629 illis
1404 1596 1520 1640 excipi,
1547 1602 1588 1637 et,
1611 1609 1689 1641 quo-

948 1647 1006 1680 ties
1031 1658 1084 1680 eas
1109 1648 1265 1687 revocari,
1291 1648 1467 1691 suspendi,
1490 1650 1621 1682 limitari
1641 1652 1688 1684 vel

947 1700 991 1733 eis
1017 1701 1168 1742 derogari
1195 1701 1379 1744 contigerit,
1402 1702 1497 1734 toties
1522 1703 1554 1734 in
1580 1703 1690 1745 pristi-

946 1764 1021 1786 num
1041 1759 1071 1787 et
1089 1765 1162 1786 eum
1179 1754 1210 1786 in
1238 1765 1302 1797 quo
1327 1760 1422 1788 antea
1444 1757 1690 1799 quomodolibet

947 1813 1038 1839 erant
1056 1813 1175 1839 statum
1195 1808 1370 1848 restitutas,
1391 1809 1549 1851 repositas
1575 1815 1606 1842 et
1622 1810 1690 1853 ple-

946 1860 1037 1893 narie
1071 1861 1291 1902 reintegratus,
1315 1867 1345 1894 et
1371 1862 1489 1902 denuo,
1509 1862 1603 1895 etiam
1630 1864 1688 1895 sub

945 1923 1149 1957 quacumque
1163 1914 1337 1957 posteriori
1354 1914 1436 1955 data,
1455 1925 1516 1958 per
1529 1925 1588 1958 pro
1608 1921 1687 1949 tem-

945 1976 1025 2009 pore
1063 1966 1236 2000 existentes
1271 1966 1399 2000 Ordinis
1435 1968 1468 2000 B.
1493 1968 1610 2002 Mariae
1647 1969 1687 2002 dc

945 2018 1091 2052 Mercede
1130 2019 1363 2062 redemptionis
1401 2021 1600 2063 captivorum
1630 2021 1687 2054 hu-

945 2072 1083 2105 iusmodi
1101 2073 1289 2115 nnigistrnin
1315 2074 1503 2115 generalem
1533 2073 1686 2118 illiusque

945 2126 1058 2158 fratres
1098 2126 1283 2168 praedictos
1310 2126 1482 2168 eligenda,
1511 2138 1684 2161 concessas

944 2188 1014 2210 esse
1042 2183 1073 2210 et
1099 2179 1176 2219 sore,
1203 2189 1343 2221 suosque
1370 2180 1533 2222 plenarios
1553 2185 1585 2213 et
1606 2180 1686 2213 inte-

943 2241 1016 2273 gros
1050 2231 1181 2264 ell'ectus
1206 2232 1315 2264 sortiri
1337 2237 1367 2264 et
1393 2232 1550 2273 obtinere,
1574 2238 1622 2272 et,
1651 2239 1686 2266 ut

943 2289 1102 2326 perpetuo
1125 2283 1315 2323 subsistant,
1334 2284 1395 2315 vim
1415 2284 1510 2317 validi
1530 2290 1561 2317 et
1579 2285 1684 2319 effica-

942 2336 986 2368 cis
1013 2326 1196 2368 contractus
1218 2335 1302 2368 inter
1326 2336 1441 2369 Sedem
1461 2338 1682 2381 Apostolicam

942 2389 1141 2430 praedictam
1168 2394 1198 2421 et
1224 2389 1345 2421 dictum
1373 2389 1523 2423 Ordinem
1557 2391 1590 2423 B.
1620 2392 1684 2425 Ma-

943 2441 1008 2473 riae
1035 2441 1073 2472 de
1100 2441 1245 2473 Mercede
1281 2442 1516 2485 redemptionis
1542 2444 1684 2486 captivo-

942 2504 1011 2524 rum
1039 2492 1222 2525 liuiusmodi
1257 2493 1409 2536 illiusque
1444 2495 1556 2528 fratres
1589 2506 1682 2539 prae-

979 2556 985 2581 1
1012 2554 1111 2582 Desunt
1133 2555 1213 2583 verba
1234 2563 1363 2584 concessa
1384 2563 1441 2584 esse
1463 2559 1490 2585 el
1507 2558 1569 2593 sore
1589 2557 1681 2593 (nm).

1598 164 1661 198 2⁴23
1707 174 1755 201 An.
1773 173 1800 202 e.
1823 175 1892 202 1725

1719 1127 1828 1147 (llausulae
1841 1133 1887 1153 par·

1704 1155 1803 1173 tuni-aras
1814 1156 1833 1173 ut
1843 1160 1888 1174 am·

1705 1181 1819 1206 piissimae.
