2170 3147
162 134 213 160 An.
236 133 266 161 C.
283 134 352 161 1727

401 125 467 159 514

359 184 410 216 nis
423 210 431 223 ,
456 195 474 216 a
495 183 566 216 iure
585 184 633 216 vel
648 183 688 215 ab
707 182 843 215 homine
856 209 863 222 ,
888 182 1006 225 quibus
1025 192 1106 225 quo-

358 236 539 269 modolibet
556 236 733 268 innodatus
752 235 868 275 existit,
888 236 927 268 ad
954 235 1104 268 effectum

358 289 583 331 praesentium
614 289 781 321 dumtaxat
818 288 1102 331 consequendum,

358 343 474 375 harum
499 342 585 375 serie
611 342 817 375 absolventes
851 347 883 374 et
918 342 1103 375 absolutum

358 395 426 427 sore
452 400 643 434 censentes,
679 405 715 427 ae
740 395 1004 436 supradictorum
1031 395 1103 428 Cle-

358 447 474 480 mentis
501 447 548 486 tv,
566 447 742 480 Clementis
767 447 805 479 vl
832 453 863 480 et
887 447 964 480 Sixti
992 448 1028 480 lv
1049 448 1103 480 lit-

359 506 500 533 terarum
516 501 607 532 datas
625 506 657 533 et
674 505 815 540 tenores,
843 511 972 533 necnon
997 501 1103 534 litium

359 563 529 585 causarum
564 553 752 586 huiusmodi
779 553 812 585 in
848 553 1014 596 quibusvis
1048 553 1104 585 tri-

355 606 533 638 bunalibus
550 606 766 648 pendentium
788 611 907 639 statum
927 612 958 639 et
976 607 1101 646 merita,

356 659 556 702 nominaque
583 665 616 692 et
640 660 896 702 cognominatio
924 660 1101 702 qualitates

355 712 570 745 iudicantium
610 718 642 745 et
680 713 953 754 collssigantium,
981 717 1014 745 et
1039 712 1103 745 alia

356 775 580 808 quaecumque
607 766 702 798 etiam
722 766 907 809 specificam
935 772 966 798 et
990 766 1102 797 indivi-

356 818 453 850 duam
479 818 682 851 mentionem
716 825 748 851 et
779 819 1026 861 expressionem
1051 828 1101 851 re-

356 871 536 914 quirentia,
574 871 803 914 praesentibus
841 882 901 913 pro
938 872 1036 913 plene
1071 876 1102 903 et

356 924 556 956 sufficienter
581 924 744 966 expressis
771 930 802 956 et
826 924 1019 967 specilieatis
1045 924 1101 956 lia-

354 976 484 1016 bentes,
509 976 698 1009 huiusmodi
728 977 1024 1019 supplicationibus
1058 977 1102 1008 in—

355 1029 484 1069 clinati,
510 1030 641 1062 easdem
676 1030 748 1062 lites
788 1037 819 1062 et
849 1040 962 1062 causas
988 1041 1005 1062 a
1029 1030 1101 1073 qui-

354 1083 466 1115 busvis
492 1083 656 1116 iudicibus
683 1089 714 1115 et
735 1083 953 1115 tribunalibus
974 1083 1013 1115 ad
1041 1094 1099 1115 nos

356 1136 552 1168 auctoritate
581 1137 762 1178 apostolica
797 1142 910 1168 tenore
948 1147 1101 1177 praesen-

356 1188 435 1221 tium
450 1200 632 1227 avocamus,
650 1189 788 1231 illasque
804 1189 935 1231 penitus
950 1194 981 1221 et
999 1189 1102 1221 omni-

356 1252 398 1273 no
424 1241 657 1285 supprimimus
689 1248 720 1274 et
757 1242 976 1283 extinguimus
996 1268 1003 1280 ‚
1028 1252 1103 1284 per-

355 1300 559 1337 petuumque
593 1295 739 1337 desuper
771 1294 936 1327 silentium
963 1295 1103 1337 imponi-

354 1358 442 1387 mus,
481 1357 518 1380 ae
550 1347 724 1390 privilegia
758 1358 859 1390 super
892 1348 1102 1390 exemptione

356 1411 373 1431 a
398 1400 561 1432 solutione
587 1400 805 1440 deeimarum,
826 1399 1077 1442 Congregationi
1093 1426 1100 1439 ,

356 1453 570 1485 conventibus
596 1459 628 1485 et
652 1453 808 1485 Fratribus
834 1453 988 1495 praefatis
1026 1463 1102 1486 eon-

357 1516 446 1538 cessa
483 1517 539 1539 seu
577 1506 827 1549 quomodolibet
862 1506 1100 1548 competentia,

357 1559 589 1602 expeditasque
608 1560 747 1601 desuper
765 1564 1018 1591 memoratorum
1037 1559 1103 1591 Cle-

357 1612 473 1644 mentis
509 1612 558 1650 lt,
597 1612 772 1644 Clementis
810 1612 846 1644 x'l
883 1618 915 1644 et
949 1611 1028 1643 Sixti
1066 1612 1101 1643 lv

358 1665 650 1707 praedecessorum
675 1665 795 1697 litteras
815 1665 1005 1707 praedictas,
1027 1676 1101 1697 cum

358 1718 510 1750 omuibus
542 1724 573 1750 et
603 1718 740 1759 singulis
773 1718 805 1750 in
837 1717 883 1749 eis
921 1718 1100 1755 contentis,

357 1771 465 1814 quoad
491 1772 576 1804 bona
607 1781 851 1813 «lanceamque,
878 1771 969 1802 intra
993 1781 1104 1802 muros

359 1829 467 1857 tamen
492 1824 674 1857 eorumdem
704 1828 939 1861 conventuum»,
979 1835 1016 1855 ac
1047 1823 1104 1855 sub

360 1878 430 1909 verri
468 1881 495 1909 el
528 1877 664 1919 formali
702 1888 814 1909 eorum
850 1877 1003 1908 clausum
1037 1877 1104 1908 esi-

358 1930 479 1961 sleitlia
503 1930 697 1968 (inueterauit,
725 1940 762 1961 ac
794 1930 920 1971 fructus
944 1931 1004 1972 qm*
1028 1930 1106 1962 inde
1126 1937 1128 1947 ¹

359 1982 574 2025 collz'ymzlur,
600 1982 791 2015 auctoritate
818 1988 849 2015 et
871 1989 985 2015 tenore
1012 1993 1104 2025 prae-

360 2035 432 2068 l'atis
450 2036 684 2068 eoulirinamus
703 2041 735 2067 et
752 2036 988 2079 approbamus,
1009 2041 1105 2078 atque

360 2088 571 2129 innovamus,
597 2089 727 2130 illisque
754 2088 951 2120 inviolabilis
977 2094 1129 2140 aposto-y

362 2141 442 2173 linae
467 2141 630 2173 firmitatis
656 2142 758 2173 robur
784 2141 1010 2183 adiungimus3
1036 2152 1106 2173 nee-

363 2205 437 2232 non,
465 2200 623 2236 quatenus
649 2204 730 2236 opus
757 2194 809 2232 sit,
827 2194 912 2225 dieta
935 2194 1106 2235 privilegia

363 2252 394 2277 et
419 2246 543 2278 litteras
569 2247 607 2279 ad
634 2246 746 2278 eadem
779 2247 867 2278 bona
904 2246 1105 2289 illorumque

366 2301 496 2337 tructus,
525 2300 580 2341 qui
601 2310 664 2331 non
683 2300 785 2331 solum
804 2310 862 2341 per
882 2300 993 2331 fratres
1014 2310 1106 2341 prae-

365 2352 467 2383 dictos
494 2363 553 2393 pro
579 2363 691 2384 eorum
721 2364 757 2384 ae
784 2354 929 2395 ipsorum
965 2363 1106 2385 conven-

367 2410 452 2435 tuum
478 2415 535 2435 usu
562 2411 810 2443 consumiuitur,
846 2405 901 2437 sed
940 2404 1105 2437 interdum

366 2457 404 2488 ad
441 2456 512 2488 aliis
546 2466 656 2489 eorum
687 2457 876 2498 indigentiis
909 2458 1104 2490 subvenien—

365 2510 442 2541 dum
469 2509 664 2549 venduntur,
693 2510 898 2542 extendimus
923 2515 954 2542 et
973 2510 1106 2554 amplia-

951 135 1133 158 BULLARIUM
1158 135 1311 159 ROMANUM

1148 193 1238 221 mus,
1257 187 1290 215 et
1307 183 1347 216 ab
1366 183 1448 224 illis,
1467 183 1506 216 ad
1532 194 1613 227 quos
1638 190 1759 227 spectat
1782 191 1815 218 et
1832 195 1892 229 pro

1149 240 1295 277 tempore
1321 237 1595 280 quandocumque
1627 238 1809 280 spectabit,
1843 239 1893 272 in-

1147 298 1307 321 concusse
1333 289 1498 322 observari
1524 291 1731 324 mandamus.

1191 341 1206 384 §
1231 341 1261 374 5.
1295 342 1523 381 Decernentes,
1542 344 1674 376 easdem
1701 349 1891 386 praesentes

1147 393 1282 432 litteras,
1305 399 1337 427 et
1359 394 1390 426 in
1410 395 1455 427 eis
1478 399 1630 428 contenta
1655 406 1890 439 quaecumque,

1147 447 1243 479 etiam
1270 457 1306 479 ex
1335 458 1373 480 eo
1394 448 1479 490 quod
1503 447 1642 490 quilibet
1665 448 1760 480 etiam
1787 448 1890 490 speei-

1148 498 1205 531 fica
1241 505 1274 532 et
1309 500 1477 532 individua
1520 501 1686 533 mentione
1729 501 1818 543 digni
1856 501 1888 534 in

1146 552 1333 594 praemissis
1359 553 1517 585 interesse
1556 553 1717 586 babentes
1749 563 1806 586 seu
1832 554 1890 586 ha—

1902 140 1951 164 An.
1972 138 2001 166 C.
2020 139 2086 167 1727

1929 354 2051 377 clausulae.

1145 606 1225 638 bere
1251 605 1503 648 quomodolibet
1538 607 1792 649 praetendentes
1825 607 1891 640 illis
1932 645 1934 647 ‚

1147 669 1210 690 non
1235 659 1479 697 consenserint,
1505 669 1565 691 nec
1602 659 1641 691 ad
1668 670 1706 692 ea
1730 660 1833 693 vocati
1859 665 1891 693 et

1146 713 1259 752 auditi,
1277 724 1383 756 neque
1401 724 1529 750 causae,
1547 720 1682 756 propter
1703 725 1782 756 quas
1801 715 1890 757 ipsae

1146 771 1337 807 praesentes
1356 766 1555 803 emanarint,
1581 766 1772 799 iustificat-ae
1790 772 1822 799 et
1841 777 1891 800 ve-

1145 818 1287 851 rificatae
1313 819 1445 857 suerint,
1471 824 1525 851 aut
1542 829 1578 850 ex
1598 819 1660 851 alia
1687 829 1891 862 quacumque

1145 871 1353 913 quantumvis
1368 871 1504 903 iuridica
1519 877 1550 903 et
1564 871 1769 913 privilegiata
1783 874 1889 911 eausa,

1145 924 1277 963 colore,
1304 929 1475 966 praetextu
1512 929 1544 956 et
1579 924 1706 966 capite,
1734 925 1832 957 etiam
1857 924 1892 957 in

1144 986 1282 1018 corpore
1319 976 1396 1008 iuris
1434 977 1567 1013 clauso,
1610 977 1702 1009 nullo
1745 987 1890 1020 unquam

1146 1033 1294 1071 tempore
1322 1029 1360 1061 de
1393 1029 1615 1071 subreptionis
1647 1030 1697 1062 vel
1724 1030 1893 1073 obreptio-

1144 1082 1193 1113 nis
1219 1088 1273 1114 aut
1298 1082 1457 1114 nullitatis
1481 1082 1577 1121 vitio,
1614 1093 1670 1115 seu
1696 1083 1890 1115 intentionis
1924 1087 1930 1090 “

1145 1140 1277 1167 nostrae
1312 1141 1366 1167 aut
1395 1135 1552 1167 interesse
1585 1135 1776 1167 habentium
1816 1146 1892 1168 eon-

1145 1189 1271 1225 sensus,
1298 1188 1403 1220 aliove
1429 1188 1578 1230 quilibet,
1598 1188 1695 1220 etiam
1721 1193 1888 1230 quantum-

1144 1240 1190 1271 vis
1216 1251 1335 1282 magno
1369 1245 1401 1272 et
1431 1240 1637 1272 substantiali
1671 1241 1799 1273 deseetn
1834 1251 1891 1273 no-

1146 1293 1217 1331 tari,
1244 1292 1444 1335 impugnari,
1474 1293 1626 1335 infringi,
1651 1293 1831 1332 retraetari,
1859 1293 1891 1325 in

1147 1346 1404 1378 controversiam
1437 1347 1555 1385 vocari,
1591 1352 1645 1379 aut
1669 1346 1708 1379 ad
1735 1346 1892 1380 terminos

1147 1399 1228 1430 iuris
1254 1398 1383 1437 reduci,
1419 1410 1476 1431 seu
1502 1399 1659 1431 adversus
1684 1399 1759 1432 illos
1785 1399 1892 1442 aperi-

1147 1451 1245 1483 tionis
1279 1452 1363 1489 oris,
1395 1452 1616 1484 restitutionis
1652 1452 1684 1484 in
1714 1452 1890 1494 integrum,

1148 1503 1275 1537 aliudve
1321 1505 1552 1547 quodcumque
1592 1505 1693 1543 iuris,
1732 1506 1807 1538 sacti
1842 1507 1892 1539 vel

1147 1558 1271 1599 gratiae
1298 1558 1481 1590 remedium
1512 1558 1666 1591 intentari
1701 1560 1751 1592 vel
1789 1559 1893 1602 impe-

1149 1610 1242 1649 trari,
1269 1620 1327 1642 seu
1355 1610 1552 1653 impetrato,
1580 1618 1636 1643 aut
1668 1611 1764 1644 etiam
1789 1617 1890 1650 motu,

1148 1663 1284 1695 scientia
1315 1669 1347 1695 et
1372 1663 1540 1705 potestatis
1566 1664 1773 1706 plenitudine
1807 1664 1893 1707 pari-

1148 1717 1208 1748 bus
1234 1726 1388 1748 concesso
1413 1718 1463 1749 vol
1483 1722 1632 1749 emanato
1651 1717 1841 1760 quempiam
1859 1717 1893 1749 in

1150 1768 1270 1801 iudicio
1295 1770 1344 1801 rel
1371 1773 1459 1802 extra
1485 1769 1565 1801 illud
1591 1769 1636 1801 uti
1656 1780 1714 1801 seu
1733 1779 1766 1801 se
1784 1769 1893 1802 iuvare

1126 1821 1127 1832 ¹
1149 1832 1262 1863 posse;
1284 1823 1342 1854 sed
1361 1822 1447 1864 ipsas
1462 1828 1650 1864 praesentes
1668 1822 1792 1854 litteras
1810 1833 1895 1855 sem-

1149 1884 1207 1917 per
1233 1874 1348 1913 sirmas,
1376 1874 1498 1907 validas
1524 1880 1555 1907 ct
1581 1874 1728 1907 efficaces
1753 1875 1892 1907 existere

1149 1934 1179 1960 et
1205 1928 1283 1965 sore,
1311 1938 1454 1970 suosque
1486 1928 1653 1970 plenarios
1684 1933 1715 1960 et
1747 1928 1894 1970 integros

1150 1980 1284 2013 effeetus
1309 1980 1418 2012 sortiri
1445 1985 1477 2012 et
1502 1981 1665 2021 obtinere,
1693 1991 1729 2013 ae
1753 1980 1834 2021 illis,
1854 1981 1893 2013 ad

1149 2044 1231 2076 quos
1257 2039 1385 2076 spectat
1417 2039 1448 2065 et
1477 2044 1536 2076 pro
1563 2039 1711 2076 tempore
1749 2034 1894 2076 quando-

1150 2098 1289 2129 cumque
1316 2087 1496 2129 speetabit,
1531 2087 1564 2118 in
1590 2087 1741 2119 omnibus
1767 2092 1799 2119 et
1834 2097 1895 2130 per

1151 2140 1258 2172 munia
1285 2140 1476 2182 plenissime
1507 2139 1702 2182 sull⁷ragari,
1728 2140 1842 2183 sieque
1864 2145 1895 2172 et.

1150 2203 1215 2224 non
1242 2193 1336 2225 aliter
1361 2193 1393 2224 iu
1420 2192 1612 2235 praemissis
1639 2202 1700 2235 per
1724 2203 1896 2235 quoscum·

1151 2256 1215 2288 que
1246 2245 1372 2277 iudices
1409 2245 1597 2277 ordinarios
1631 2251 1664 2277 et
1699 2245 1891 2287 delegatos,

1150 2299 1247 2330 etiam
1266 2308 1438 2330 causarum
1463 2298 1578 2340 palatii
1603 2297 1775 2340 apostolici
1801 2297 1893 2330 audi-

1149 2357 1252 2390 tores,
1279 2361 1315 2382 ac
1333 2351 1362 2382 S.
1383 2351 1419 2382 R.
1441 2351 1474 2382 E.
1502 2351 1704 2389 cardinales,
1733 2349 1829 2382 etlam
1855 2350 1894 2382 de

1150 2404 1251 2436 latere
1276 2405 1411 2446 legatos,
1435 2405 1692 2447 etApostolieae
1710 2404 1802 2436 Sedis
1817 2413 1895 2435 nun—
1921 2407 1925 2410 '

1150 2457 1229 2493 cios,
1252 2457 1372 2489 aliosve
1391 2457 1557 2499 quoslibet
1578 2467 1784 2500 quacumque
1803 2466 1895 2498 prae-

1150 2510 1330 2542 eminentia
1348 2516 1379 2542 et
1396 2515 1556 2552 potestate
1579 2510 1751 2552 fungentes
1769 2515 1800 2542 et
1823 2509 1895 2541 sun-
