2170 3147
20 188 72 218 An.
86 187 116 216 C.
138 186 208 216 1726

798 187 994 211 BENEDICTUS
1020 187 1075 210 xm
1099 187 1148 211 1³1³.

212 234 338 268 Coenae
374 234 502 268 Domini
539 236 602 277 legi
641 234 768 275 solitis,
794 235 895 268 semel
920 235 952 267 in

212 288 360 330 ingressu
395 287 469 320 dicti
498 287 687 330 hospitalis,
713 293 745 320 et
770 288 888 320 iterum
915 288 953 320 ab

212 341 364 373 omnibus
389 340 602 383 supradictis,
628 341 721 372 nullo
748 350 882 382 prorsus
902 350 954 372 ex-

211 398 327 436 cepto,
359 393 391 425 in
417 393 530 425 mortis
556 393 713 431 articulo,
748 391 952 424 consessione

212 452 318 479 tamen
343 456 456 478 eorum
482 445 659 488 diligenter
685 445 802 483 audita,
830 444 860 476 in
880 444 951 476 soro

212 503 335 531 tanturn
360 497 580 531 conscientiae
607 497 787 535 absolvere,
811 496 953 528 iniuncta

210 551 285 584 inde
311 551 357 584 eis
381 561 440 594 pro
467 551 563 583 modo
590 551 703 593 culpae
732 559 789 582 suo
816 548 951 581 arbitrio

209 603 411 647 poenitentia
429 602 580 643 salutari3
601 602 752 645 quodque
770 601 891 634 eisdem
909 601 952 632 in-

208 656 321 696 firmis,
341 656 500 688 ministris
518 666 555 688 ac
572 655 824 688 inservientibus
842 654 952 687 omnia

209 713 240 741 et
266 708 395 751 singula
426 708 589 741 Ecclesiae
615 713 817 740 sacramenta
854 707 950 739 etiam

209 761 322 795 Viatici
359 767 390 795 et
427 762 595 795 Extremae
628 760 813 800 Uncfionis,
844 770 950 793 serva—

210 815 248 847 tis
274 819 382 847 tamen
409 814 508 848 sacris
536 814 651 847 ritibus
678 818 709 846 et
733 812 949 845 caeremoniis

209 878 226 900 a
250 867 359 900 rituali
394 877 530 900 romano
555 866 787 910 praescriptis,
814 865 951 898 admini-

207 925 311 953 strare
347 921 474 960 libere,
507 920 594 954 licite
633 925 665 952 et
691 919 813 959 valide,
841 929 950 962 respe-

207 973 291 1006 ctive
307 973 445 1016 possint,
461 973 647 1006 facultatem
665 972 775 1005 itidem
790 977 948 1015 perpetuo

208 1025 380 1058 tribuimus
413 1031 445 1059 et
473 1026 696 1068 impartimur:
722 1024 879 1057 moderno
914 1034 950 1056 ac

206 1088 266 1121 pro
292 1083 439 1122 tempore
466 1078 615 1111 existenti
645 1077 790 1120 parocho
816 1087 872 1109 seu
898 1087 949 1109 re-

207 1130 287 1163 ctori
312 1129 511 1174 parochialis
537 1129 712 1170 ecclesiae,
737 1130 821 1162 intra
856 1129 947 1162 cuius

206 1182 325 1217 limites
359 1183 524 1226 hospitale
560 1182 742 1226 praefatum
780 1181 946 1221 consistit,

207 1235 388 1269 districtius
414 1235 614 1275 inhibentes,
639 1245 680 1267 ne
705 1235 738 1267 in
759 1235 947 1267 eorumdem

207 1294 486 1322 sacramentorum
514 1288 671 1331 (excepto
712 1288 876 1320 dumtaxat
900 1297 947 1320 sa·

207 1347 372 1375 eramento
390 1342 588 1375 matrimonii
607 1341 713 1384 quoad
734 1340 898 1373 ministros
917 1346 948 1373 et

207 1395 288 1429 alios
314 1395 546 1435 inservientes,
572 1394 625 1437 qui
652 1395 712 1426 hac
749 1399 873 1426 tantum
897 1404 947 1426 ra-

209 1448 296 1482 tione
320 1449 465 1492 parocho
490 1453 521 1481 et
545 1447 721 1491 parochiae
758 1446 946 1480 huiusmodi

206 1492 349 1545 subsint)
374 1501 407 1534 in
433 1501 519 1534 dicto
555 1501 710 1544 hospitali
743 1500 947 1533 administra-

207 1553 296 1588 tione
320 1564 354 1587 se
379 1554 543 1597 ingerere,
568 1560 622 1586 aut
645 1554 869 1586 defunctorum
896 1564 946 1586 sc-

999 235 1031 267 in
1057 234 1118 267 vim
1157 235 1359 268 decretorum
1394 234 1473 267 sacri
1506 234 1637 268 Concilii
1669 234 1735 267 Tri-

998 287 1123 320 dentini
1158 298 1215 321 seu
1250 285 1328 321 alias
1365 288 1614 332 quomodolibet
1645 288 1734 320 attri-

996 340 1098 380 buta,
1125 346 1222 383 prout
1253 340 1350 373 etiam
1377 352 1393 373 a
1418 341 1573 383 parochia
1599 351 1652 373 seu
1679 352 1735 384 pa-

997 392 1137 425 rochiali
1170 393 1311 426 ecclesia
1344 393 1486 436 praefata
1516 393 1659 436 dictique
1686 404 1735 426 re-

996 445 1094 477 ctoris
1119 455 1174 477 seu
1203 446 1339 488 parochi
1358 447 1437 479 cura
1462 452 1493 479 et
1518 446 1733 487 subiectione,

997 497 1142 530 totaliter
1177 498 1365 540 eximimus,
1407 499 1555 542 illudque
1592 505 1623 532 et
1659 500 1733 533 illos

997 550 1203 583 omnimodae
1241 551 1458 584 iurisdictioni
1495 563 1556 595 pro
1588 557 1733 595 tempore

997 602 1164 635 existentis
1192 603 1340 636 eiusdem
1367 603 1398 637 S.
1428 604 1466 637 R.
1493 604 1527 637 Ε.
1559 605 1732 637 cardinalis

996 656 1074 689 dicti
1099 656 1272 699 hospitalis
1298 658 1506 700 protectoris,
1531 663 1565 689 ut
1582 657 1664 690 infra
1682 658 1733 691 dc-

995 709 1142 752 putandi,
1167 710 1263 751 pleno
1291 710 1359 743 iure
1387 710 1588 750 subiicimus,
1615 722 1651 743 ac
1677 722 1732 743 cu-

994 771 1062 794 ram
1099 761 1297 803 animarum,
1326 767 1389 795 tum
1428 761 1628 795 infirmorum
1666 768 1733 796 tum

995 814 1141 847 eiusdem
1167 814 1340 858 hospitalis
1377 815 1599 848 ministrorum
1631 820 1660 848 et
1685 815 1733 848 in-

994 867 1223 908 servientium,
1251 868 1320 900 eius
1358 867 1459 911 priori
1496 867 1646 900 similiter
1672 879 1731 911 pro

995 925 1143 963 tempore
1178 920 1329 954 existenti
1356 920 1589 954 committimus
1623 926 1653 954 et
1678 921 1732 954 de-

993 973 1207 1013 mandamus,
1233 984 1375 1017 eumque
1402 974 1434 1005 in
1460 973 1605 1016 ipsorum
1636 984 1732 1016 paro—

994 1026 1091 1058 chum
1117 1032 1148 1059 et
1184 1026 1366 1059 animarum
1405 1036 1536 1058 suarum
1574 1030 1732 1058 rectorem

993 1078 1239 1119 constituimus,
1264 1079 1345 1112 itaut
1369 1078 1400 1111 in
1428 1078 1563 1111 ecclesia
1588 1079 1732 1122 hospita-

993 1131 1032 1164 lis
1058 1132 1215 1175 praedicti
1240 1136 1442 1165 sacramenta
1461 1131 1557 1165 etiam
1585 1136 1732 1174 tempore

992 1184 1159 1218 Pascliatis
1193 1186 1360 1228 recipere,
1401 1185 1511 1228 sicque
1552 1189 1730 1227 praecepto

991 1237 1152 1270 Ecclesiae
1188 1237 1395 1277 satisfacere,
1433 1248 1468 1270 ac
1504 1237 1731 1270 defunctorum

992 1300 1133 1333 corpora
1158 1291 1189 1323 in
1216 1290 1416 1324 coemeterio
1452 1290 1527 1323 dicti
1555 1290 1729 1332 hospitalis

991 1344 1116 1387 absque
1142 1344 1209 1377 ulla
1234 1349 1368 1387 quartae
1394 1343 1550 1376 funeralis
1576 1344 1623 1375 vel
1650 1343 1729 1375 alio-

991 1407 1060 1430 rum
1096 1397 1215 1430 iurium
1242 1396 1479 1440 parochialium
1510 1397 1731 1440 praestatione

990 1461 1047 1483 seu
1073 1451 1239 1484 solutione
1277 1451 1429 1484 tumulari
1466 1451 1592 1494 possint
1618 1456 1650 1483 ct
1676 1451 1731 1483 de-

990 1504 1099 1537 beant.

1033 1559 1048 1602 §
1076 1557 1125 1591 18.
1153 1558 1290 1601 Insuper
1325 1564 1357 1591 ut
1390 1558 1539 1591 omnibus
1565 1563 1596 1591 et
1621 1558 1729 1600 siugu-

1633 177 1697 210 449
1743 186 1794 216 An.
1811 185 1839 214 C.
1862 186 1929 214 1726

1800 1572 1923 1593 ilorci-nitur

1739 1599 1761 1617 ut
1773 1597 1827 1618 illvm
1839 1600 1862 1618 sit
1873 1599 1923 1619 bae-

990 1612 1028 1644 lis
1052 1611 1190 1644 infirmis
1216 1612 1248 1644 in
1275 1612 1389 1645 eodem
1424 1612 1580 1655 hospitali
1607 1613 1645 1645 ab
1680 1612 1786 1653 iii-ml
1903 1633 1921 1645 ι.

990 1670 1107 1698 testato
1133 1671 1164 1697 et
1187 1665 1256 1698 sine
1276 1666 1428 1708 legitimis
1454 1666 1649 1699 haeredibus
1667 1677 1727 1709 pro
1739 1651 1783 1696 ffsbne
1821 1655 1923 1702 manni}

1695 1720 1701 1727 ,
1738 1704 1866 1724 liaeo-duum
1887 1705 1922 1725 ile·

990 1724 1136 1761 tempore
1162 1719 1396 1752 decedentibus
1419 1719 1582 1762 hospitale
1605 1722 1866 1762 praelat-cedentum.

205 1611 356 1654 pulturae
393 1619 450 1642 seu
488 1610 635 1652 exequiis
670 1609 749 1641 inibi
790 1609 945 1641 faciendis

205 1663 374 1703 interesse,
400 1664 544 1696 ullumve
570 1674 628 1706 pro
652 1663 765 1695 sunere
786 1667 841 1695 aut
857 1663 945 1696 aliud

206 1717 353 1761 quolibet
392 1715 441 1748 ius
477 1717 525 1748 vel
563 1717 818 1749 emolumentum
852 1727 946 1759 paro-

206 1771 312 1804 chiale
326 1775 439 1814 petere
458 1775 490 1802 et
507 1771 735 1813 praetendere,
751 1782 787 1804 ac
804 1772 946 1815 desuper

206 1824 389 1867 hospitale,
415 1833 587 1867 personas,
615 1825 756 1867 priorem
790 1836 827 1858 ac
855 1837 945 1869 pres-

206 1878 337 1921 byteros
365 1877 548 1920 praedictos
575 1888 632 1910 seu
659 1888 771 1911 eorum
802 1879 944 1922 aliquem

207 1932 382 1964 molestare
401 1930 518 1963 audeat
535 1941 591 1963 seu
609 1932 720 1974 quovis
737 1933 833 1965 modo
850 1943 944 1976 prae-

990 1777 1054 1804 tum
1079 1773 1150 1805 loco
1178 1777 1209 1804 et
1233 1772 1299 1805 vice
1340 1771 1408 1804 lisei
1434 1771 1537 1805 dictae
1574 1772 1728 1805 Camerae

989 1830 1118 1858 nostrae
1144 1825 1176 1857 in
1201 1836 1314 1858 eorum
1340 1825 1435 1858 bonis
1471 1825 1646 1858 succedere
1673 1825 1728 1858 dc-

988 1879 1081 1918 beat,
1106 1884 1207 1922 utque
1242 1879 1304 1921 ipsi
1331 1878 1465 1918 infirmi,
1502 1879 1555 1921 qui
1582 1879 1613 1910 in
1641 1879 1727 1912 dicto

989 1931 1145 1975 hospitali
1171 1932 1348 1971 decedent,
1386 1936 1615 1964 testamentum
1652 1942 1728 1964 con-

989 1986 1088 2026 dere,
1117 1995 1152 2018 ac
1181 1984 1418 2024 confessarius,
1444 1985 1497 2028 qui
1525 1991 1727 2028 postremam

206 1989 322 2018 sumat.

12 2045 197 2094 mfff‘ffssmifiaffiil
250 2037 344 2080 517.
372 2037 416 2070 Ac
446 2037 584 2079 proinde
618 2038 780 2081 hospitale
818 2040 944 2081 praesa-

12 2095 284 2146 ξιᾱοροερῐὶῑιμὲᾳςῐυῐη,
310 2089 466 2133 illiusque
506 2090 668 2133 priorem,
710 2091 941 2134 presbyteros,

13 2131 388 2203 έέιέἐὲξὲᾗιιιὲἒνέἷ[ῃίῃίεῑι-οε,
413 2143 648 2183 inservientes,
683 2154 718 2176 ac
752 2144 784 2175 in
820 2155 856 2177 eo
883 2155 942 2187 pro

13 2205 117 2226 cardinali
147 2211 195 2231 vro·
208 2202 355 2241 tempore
382 2197 538 2239 degentes
564 2196 722 2237 infirmos,
749 2208 765 2230 a
790 2208 944 2241 quacum-

988 2038 1146 2072 eiusmodi
1172 2038 1289 2071 infirmi
1305 2040 1571 2071 sacramentalem
1597 2040 1726 2072 conses-

988 2092 1113 2124 sionem
1139 2092 1317 2134 exceperit,
1345 2091 1426 2124 illud
1452 2102 1568 2134 rogare
1594 2103 1630 2125 ac
1652 2102 1727 2125 cou-

988 2144 1130 2177 scribere
1156 2144 1334 2187 respective
1360 2146 1475 2185 valeat,
1496 2151 1527 2178 et
1546 2145 1726 2189 scripturae

989 2198 1128 2241 desuper
1168 2198 1354 2237 consectae,
1398 2198 1575 2231 dummodo
1616 2209 1727 2232 coram

13 2233 289 2294 {giiiiiiuifmfflsque'
308 2249 417 2283 dilecti
442 2249 499 2282 tilii
524 2249 628 2282 nostri
654 2255 686 2282 et
710 2261 769 2292 pro
796 2256 943 2294 tempore

206 2304 373 2338 existentis
409 2303 547 2337 Romani
585 2303 750 2336 Pontificis
791 2304 823 2336 in
858 2304 942 2338 Urbe

205 2357 350 2403 praefata
391 2357 527 2400 eiusque
572 2356 720 2389 districtu
761 2356 870 2389 vicarii
910 2358 943 2390 in

205 2410 427 2454 spiritualibus
461 2409 625 2451 generalis
655 2409 807 2452 illiusque
841 2409 944 2443 vices-

205 2463 348 2507 gerentis
392 2461 617 2495 iurisdictione
666 2466 732 2494 tum
779 2462 944 2495 ordinaria

205 2521 272 2550 tum
297 2517 393 2550 etiam
419 2516 566 2558 delegata
592 2514 771 2548 Ordinariis
796 2516 942 2549 locorum

241 2582 253 2606 1
275 2579 346 2606 Edit.
368 2578 451 2605 Main.
473 2578 540 2614 legit
558 2585 737 2613 quocumque
755 2579 795 2613 (R.
813 2578 864 2612 Τ.).

293 2634 370 2662 Bull.
391 2634 474 2662 Rom.
494 2649 528 2653 —
551 2633 611 2661 rot.
632 2632 724 2660 XXII.
867 2631 900 2659 57

988 2251 1114 2283 duobus
1150 2250 1289 2282 testibus
1326 2250 1453 2283 idoneis
1491 2251 1574 2284 sacta
1609 2251 1724 2293 suerit,

988 2303 1084 2346 plena
1109 2303 1190 2335 tides
1216 2303 1429 2343 adhibeatur,
1457 2304 1577 2347 illaque
1604 2305 1665 2338 vim
1690 2316 1727 2338 ac

988 2356 1087 2389 robur
1110 2355 1247 2398 legitimi
1274 2362 1306 2389 et
1330 2367 1438 2389 coram
1466 2358 1596 2401 publico
1623 2359 1726 2392 tabel-

988 2408 1076 2441 lione
1102 2414 1133 2441 et
1150 2409 1189 2441 ad
1207 2409 1342 2442 sormam
1360 2420 1376 2442 a
1396 2409 1464 2442 iure
1492 2411 1726 2454 praescriptam

988 2462 1110 2495 conditi
1144 2463 1329 2495 testamenti
1360 2462 1392 2495 in
1424 2464 1546 2496 iudicio
1579 2470 1610 2497 et
1635 2471 1725 2498 extra

987 2515 1069 2548 illud
1094 2514 1255 2556 obtineat,
1287 2516 1495 2550 decernimus
1526 2522 1624 2560 atque
1649 2528 1725 2551 cou-

988 2568 1148 2602 cedimus.
