2170 3147
30 206 83 233 An.
99 203 128 231 C.
153 202 220 231 ¹726

55 2373 166 2397 clausulae
175 2381 210 2403 pe·

29 2401 126 2423 euliares.

815 204 1014 228 BENEDICTUS
1040 204 1098 228 xm
1121 203 1170 228 1¹1⁵.

223 252 367 295 capellae
385 263 441 285 seu
465 251 574 285 altaris
601 252 744 285 eiusdem
766 252 960 285 sanctissimi

223 305 346 337 Rosarii
367 305 397 337 in
420 305 504 338 dicta
522 305 658 337 ecclesia
687 305 718 337 S.
740 305 896 337 Dominici
925 305 962 336 si·

226 363 276 390 tae
305 368 360 390 seu
387 357 456 396 siti,
486 368 522 389 ac
547 367 606 399 pro
630 357 850 389 functionibus
881 357 961 388 infra

224 421 346 443 annum
383 410 578 453 peragendis
615 415 646 442 et
685 409 891 442 celebrandis
923 410 961 441 ab

222 464 345 497 eisdem
370 463 593 496 secundodicti
611 469 788 495 conventus
806 454 961 494 fratribus

224 517 263 550 ad
277 517 435 549 honorem
449 522 480 548 et
493 515 630 558 gloriam
645 515 757 548 beatae
770 515 887 547 Mariae
899 514 962 546 Vir-

222 570 319 612 ginis,
342 575 419 602 tunc
444 575 475 602 et
499 580 557 612 pro
578 574 722 611 tempore
747 568 961 601 existentibus

223 622 368 656 eiusdem
393 622 615 655 secundodieti
641 627 819 654 conventus
855 620 962 653 fratri-

220 675 280 709 bus
313 676 467 718 praefatis
502 681 593 708 scuta
629 681 761 708 centum
796 674 960 718 praefatae

220 734 371 761 monetae
393 739 545 761 romanae
561 729 592 761 in
611 733 805 771 perpetuum
824 727 961 769 singulis

221 780 314 814 annis
340 781 515 814 exbursare
547 787 578 814 et
603 782 748 820 solvere,
782 792 838 820 ac,
866 784 961 823 prout

221 839 316 868 antea
341 834 426 867 dicta
458 834 706 867 confraternitas
738 844 799 877 per
834 844 894 866 nos
928 838 961 865 ut

221 887 405 930 praefertur
430 897 607 930 suppressa
640 893 671 920 et
696 887 836 920 extincta
871 892 960 919 tene-

221 940 324 980 batur,
343 940 619 973 conservatorium
640 940 837 984 pupillarum
856 940 960 972 dictae

221 993 356 1026 civitatis
380 994 600 1027 Anconitanae
618 1000 840 1033 manutenere,
867 994 959 1026 dotes

221 1047 355 1084 solvere,
382 1058 418 1079 ac
443 1047 580 1089 singulis
608 1048 700 1079 annis
727 1048 833 1089 legato
860 1051 961 1079 scuto·

222 1108 292 1131 rum
326 1105 595 1142 quatuorcentum
621 1105 772 1132 monetae
805 1110 959 1132 romanae

222 1151 412 1185 huiusmodi
439 1153 634 1185 monialibus
654 1152 839 1185 monasterii
859 1153 891 1186 S.
908 1153 947 1186 Se

221 1204 356 1237 bastiani
382 1205 546 1247 praefatae
576 1205 710 1238 civitatis
737 1205 960 1239 Anconitauae

221 1256 252 1290 S.
279 1257 462 1296 Benedicti,
491 1269 547 1291 seu
572 1259 705 1291 alterius
731 1258 879 1297 Ordinis,
904 1259 960 1291 de·

222 1309 291 1343 bito
316 1311 514 1350 satisfacere,
541 1322 576 1343 ac
600 1311 750 1354 personis
782 1311 814 1344 in
851 1322 961 1344 caree-

222 1362 312 1395 ribus
330 1363 467 1396 detentis
488 1363 660 1397 exbursare
674 1364 803 1397 solitam
818 1365 960 1397 elcemo-

221 1425 340 1458 synam,
366 1427 494 1449 necnon
521 1417 646 1459 reliqua
670 1418 776 1459 legata
800 1417 908 1450 omnia
930 1421 961 1449 et

222 1478 322 1501 onera
361 1468 510 1501 universa
537 1480 784 1513 quaecumque,
816 1470 841 1502 si
877 1480 959 1513 quae

221 1521 302 1561 sint,
320 1522 415 1555 etiam
434 1522 610 1565 specialem
631 1523 830 1556 mentionem
857 1523 961 1566 requi-

221 1574 335 1614 rentia,
362 1581 393 1607 et
417 1575 521 1608 eidem
549 1576 807 1610 confraternitati
826 1586 884 1618 per
900 1586 960 1608 nos

221 1632 256 1660 ut
289 1628 473 1672 praefertur
513 1639 706 1672 suppressae
737 1634 769 1662 et
801 1628 958 1662 extinctae

221 1682 523 1724 quomodocumque
555 1681 791 1722 incumbentia,
817 1682 905 1714 iuxta
929 1687 961 1714 et

220 1735 397 1768 secundum
423 1735 551 1778 piorum
578 1741 781 1775 testatorum,
810 1735 960 1768 fundato-

221 1798 313 1829 rum,
347 1789 554 1832 aliorumque
581 1789 824 1833 disponentium
849 1790 961 1822 volun-

222 1845 302 1874 tates
335 1846 367 1874 et
402 1841 651 1885 dispositioncs,
688 1842 885 1885 adimplere,
924 1853 959 1874 ae

221 1894 371 1927 omnibus
403 1894 516 1937 legatis
550 1895 721 1935 similiter,
755 1905 835 1938 quae
861 1905 957 1938 prae-

221 1947 285 1981 fata
305 1948 552 1981 confraternitas
571 1960 628 1992 per
646 1959 703 1981 nos
721 1954 756 1981 ut
776 1950 959 1991 praefertur

221 2011 399 2044 suppressa
424 2007 455 2034 et
480 2001 619 2034 extincta
655 2001 878 2041 satisfaciebat,
910 2012 959 2034 sa-

222 2053 389 2093 tisfacere,
416 2065 518 2098 eaque
545 2055 724 2097 adimplere
755 2055 889 2087 omnino
917 2060 959 2086 te-

221 2108 349 2150 neatur)
375 2107 470 2140 etiam
504 2113 663 2151 perpetuo
694 2108 883 2140 earumdem
912 2112 959 2140 te-

222 2170 302 2193 nore
317 2160 537 2203 praesentium
553 2159 956 2203 respecsswsapphcamus

222 2218 254 2246 et
277 2224 349 2246 cum
375 2213 489 2245 ceteris
511 2212 678 2246 seminarii
699 2213 835 2255 praefati
853 2223 958 2256 respe-

221 2266 301 2299 ctive
326 2265 421 2298 bonis
441 2265 698 2308 incorporamus,
720 2276 756 2298 ac
776 2266 957 2309 respective

220 2318 429 2352 concedimus
455 2324 488 2352 et
510 2318 724 2361 assignamus

263 2370 334 2415 54.
365 2371 603 2410 Decernentes,
635 2369 817 2413 praemissa
849 2370 958 2403 omnia

222 2429 254 2457 et
273 2424 418 2466 singula,
440 2434 569 2457 necnon
595 2423 726 2456 easdem
751 2428 956 2466 praesentes,

222 2477 317 2511 etiam
343 2488 380 2510 ex
406 2487 453 2516 eo,
475 2477 560 2520 quod
586 2477 753 2520 praefatae
778 2476 959 2509 confrater-

220 2530 330 2564 nitatis
356 2539 416 2574 per
440 2540 499 2563 nos
523 2535 558 2562 ut
581 2529 778 2573 praefertur,
805 2540 959 2573 suppres-

221 2593 276 2618 sae
301 2588 333 2618 et
357 2583 516 2617 extinctae
541 2582 696 2616 officiales
721 2587 752 2617 et
779 2583 958 2617 confratres

1004 258 1036 285 et
1060 253 1159 286 ceteri
1185 252 1383 296 quicumque
1416 252 1448 285 in
1478 251 1666 296 praemissis
1698 250 1744 283 in-

1006 310 1125 338 teresse
1149 306 1307 338 habcntes
1333 317 1388 339 seu
1415 306 1537 338 habere
1564 304 1745 347 quomodo·

1006 358 1083 390 libet
1109 359 1359 400 praetendentes
1391 359 1455 392 illis
1480 369 1544 392 non
1572 368 1745 391 consense-

1005 410 1087 449 rint,
1117 421 1175 442 nec
1200 412 1236 443 ad
1270 422 1307 443 ea
1332 412 1455 449 vocati,
1482 418 1537 444 aut
1561 410 1686 450 auditi,
1713 416 1745 443 et

1005 473 1129 501 causae,
1150 469 1283 506 propter
1303 475 1382 506 quas
1400 465 1532 498 eaedem
1556 469 1744 507 praesentes

1005 521 1197 548 emanarunt
1231 517 1407 555 adductae,
1451 517 1654 555 verificatae‚
1691 522 1746 549 aut

1006 567 1197 601 iustificatae
1224 570 1387 602 ullatenus
1415 571 1546 610 fuerint,
1566 569 1644 603 ullo¹
1663 580 1745 602 nun-

1003 631 1100 662 quam
1128 626 1275 664 tempore
1313 623 1534 666 subreptionis
1565 624 1615 656 vel
1650 623 1746 656 obre·

1004 673 1124 715 ptionis
1158 684 1212 706 seu
1250 675 1408 708 nullitatis
1445 681 1500 709 aut
1535 675 1743 709 invaliditatis

1004 725 1100 765 vitio,
1130 737 1187 759 seu
1223 726 1412 761 intentionis
1438 734 1568 761 nostrae
1600 733 1654 761 aut
1679 728 1744 761 alio

1004 780 1116 821 quovis
1139 780 1266 813 defectu
1286 781 1381 814 etiam
1400 781 1607 824 quantumvis
1626 792 1744 825 magno

1005 833 1221 875 inexcogitato
1247 837 1276 866 et
1301 834 1518 875 substantiali,
1556 835 1620 868 sive
1646 835 1743 868 etiam

1004 896 1040 919 ex
1067 897 1106 919 eo
1132 887 1217 929 quod
1244 886 1276 919 in
1312 887 1435 920 eisdem
1473 888 1661 931 praemissis
1697 899 1745 921 so-

1004 940 1187 972 lemnitates
1212 947 1244 973 et
1268 941 1399 983 quaevis
1425 941 1503 981 alia,
1531 942 1688 974 servanda
1714 946 1746 975 et

1004 993 1220 1036 adimplenda,
1246 999 1372 1026 servata
1404 999 1436 1027 et
1465 994 1641 1037 adimpleta
1677 1004 1744 1027 non

1004 1045 1141 1086 fuerint,
1168 1047 1216 1079 vel
1243 1057 1280 1079 ex
1307 1057 1511 1090 quocumque
1537 1048 1601 1081 alio
1627 1048 1743 1090 capite,

1003 1109 1021 1130 a
1046 1098 1116 1131 iure
1142 1100 1192 1132 vel
1230 1100 1313 1132 facto
1338 1105 1393 1132 aut
1428 1105 1548 1133 statuto
1581 1100 1631 1133 vel
1667 1110 1746 1133 con-

1004 1151 1175 1184 suetudine
1209 1151 1316 1195 aliqua
1351 1153 1549 1192 resultante,
1577 1152 1675 1185 etiam
1712 1151 1743 1185 in

1003 1214 1140 1247 corpore
1165 1204 1244 1237 iuris
1271 1205 1390 1244 clauso,
1427 1205 1493 1238 sive
1520 1205 1617 1238 etiam
1648 1216 1744 1239 enor-

1003 1256 1076 1296 mis,
1104 1256 1349 1290 enormissimae
1375 1263 1407 1290 et
1433 1257 1540 1290 totalis
1566 1257 1740 1298 laesionis,

1004 1315 1036 1342 et
1061 1310 1175 1353 quovis
1201 1310 1265 1342 alio
1291 1315 1469 1353 praetextu,
1497 1311 1668 1344 occasione
1694 1312 1743 1345 vel

1003 1364 1107 1402 causa,
1133 1363 1228 1396 etiam
1256 1364 1459 1406 quantumvis
1483 1364 1576 1404 iusta,
1601 1364 1744 1397 rationa-

1002 1415 1060 1448 bili
1087 1421 1118 1449 et
1144 1415 1344 1459 privilegiata
1381 1417 1477 1450 etiam
1505 1418 1559 1450 tali
1585 1427 1667 1461 quae
1703 1418 1742 1450 ad

1003 1468 1152 1502 effectum
1188 1469 1364 1502 validitatis
1395 1471 1650 1513 praemissorum
1686 1481 1744 1504 ne-

1003 1522 1144 1556 cessario
1170 1523 1384 1565 exprimenda
1409 1524 1508 1563 foret,
1534 1524 1658 1563 notari,
1685 1523 1744 1557 im-

1002 1575 1163 1619 pugnari,
1189 1576 1382 1616 invalidari,
1411 1577 1578 1609 retractari
1594 1604 1601 1617 ,
1636 1577 1669 1610 in
1695 1577 1742 1610 ius

1003 1629 1050 1661 vel
1076 1628 1329 1661 controversiam
1354 1629 1516 1669 revocari,
1543 1634 1596 1661 aut
1620 1629 1659 1662 ad
1679 1635 1742 1662 ter-

1002 1681 1108 1713 minos
1127 1681 1204 1713 iuris
1223 1681 1344 1721 reduci,
1363 1683 1410 1714 vel
1429 1681 1584 1714 adversus
1602 1682 1674 1714 illas
1693 1692 1742 1715 re-

1002 1734 1178 1766 stitutionis
1197 1734 1229 1766 in
1250 1734 1429 1777 integrum,
1448 1734 1639 1778 aperitionis
1657 1735 1741 1777 oris,

1002 1793 1057 1820 aut
1081 1787 1166 1820 aliud
1201 1788 1430 1831 quodcumque
1467 1781 1555 1828 iuris,
1592 1788 1667 1822 facti
1693 1790 1742 1822 vel

1002 1841 1123 1884 gratiae
1149 1841 1331 1874 remedium
1356 1841 1540 1884 impetrari,
1572 1851 1626 1875 seu
1661 1853 1742 1886 quo-

1001 1894 1179 1927 modolibet
1196 1905 1354 1927 concesso
1370 1898 1424 1926 aut
1441 1894 1614 1938 impetrato
1635 1905 1742 1939 quem-

1002 1947 1086 1990 piam
1113 1948 1145 1979 in
1170 1947 1289 1979 iudicio
1315 1948 1362 1979 vel
1388 1953 1477 1980 extra
1502 1947 1583 1981 illud
1610 1948 1657 1980 uti
1683 1958 1740 1982 seu

1001 2012 1035 2033 se
1061 2001 1170 2033 iuvare
1198 2011 1302 2043 posse,
1340 2001 1395 2033 sed
1432 2001 1518 2044 ipsas
1551 2008 1742 2044 praesentes

1001 2064 1134 2096 semper
1159 2053 1285 2092 firmas,
1306 2053 1429 2086 validas
1449 2059 1480 2086 et
1502 2054 1648 2088 efficaces
1675 2055 1742 2088 exi-

1001 2112 1085 2139 stere
1105 2112 1136 2138 et
1155 2107 1236 2146 fore,
1254 2116 1394 2149 suosque
1412 2107 1580 2149 plenarios
1606 2113 1638 2140 et
1661 2108 1742 2142 inte-

1001 2170 1077 2202 gros
1092 2157 1224 2192 etfeetus
1243 2159 1353 2191 sortiri
1373 2165 1403 2191 et
1424 2159 1587 2201 obtinere,
1604 2171 1641 2194 ac
1662 2161 1741 2202 iltis,

1001 2212 1038 2245 ad
1061 2222 1142 2255 quos
1158 2216 1282 2254 spectat
1306 2217 1337 2244 et
1356 2213 1603 2255 quomodolibet
1620 2219 1741 2257 specta-

1000 2265 1070 2306 bit,
1098 2265 1130 2297 in
1161 2265 1305 2297 futurum
1331 2265 1523 2307 plenissime
1555 2265 1739 2309 suffragari,

1000 2324 1031 2351 et
1063 2319 1102 2350 ab
1133 2318 1179 2350 eis
1212 2318 1392 2361 respective
1425 2319 1659 2352 inviolabiliter
1684 2321 1741 2353 ob-

1000 2370 1133 2410 servari,
1159 2369 1270 2412 sicque
1292 2374 1324 2402 et
1348 2380 1412 2403 non
1430 2370 1508 2404 alias
1534 2371 1566 2403 in
1583 2372 1742 2414 praemis-

1001 2423 1044 2455 sis
1070 2432 1129 2465 per
1154 2433 1379 2465 quoscumque
1405 2422 1528 2456 iudices
1553 2424 1739 2458 ordinarios

1001 2476 1049 2508 vel
1070 2476 1238 2518 delegatos
1257 2502 1264 2515 ,
1300 2476 1410 2519 quavis
1441 2478 1632 2511 auctoritate
1670 2478 1740 2511 fun-

1001 2535 1120 2572 gentes,
1135 2529 1234 2562 etiam
1252 2539 1422 2562 causarum
1439 2530 1551 2573 palatii
1565 2531 1740 2574 apostolici

1038 2592 1048 2618 1
1073 2591 1166 2619 Potius
1186 2591 1245 2626 lege
1265 2592 1346 2619 nullo
1366 2593 1404 2625 (a.
1421 2594 1470 2627 ¹12).

1637 193 1702 227 365
1748 203 1798 229 An.
1818 202 1847 229 c.
1870 202 1937 230 ¹726
