<?xml version="1.0" encoding="UTF-8"?>
<!DOCTYPE html PUBLIC "-//W3C//DTD XHTML 1.0 Transitional//EN"
    "http://www.w3.org/TR/xhtml1/DTD/xhtml1-transitional.dtd">
<html xmlns="http://www.w3.org/1999/xhtml" xml:lang="en" lang="en">
 <head>
  <title>
</title>
<meta http-equiv="Content-Type" content="text/html;charset=utf-8" />
  <meta name='ocr-system' content='tesseract 3.04.00' />
  <meta name='ocr-capabilities' content='ocr_page ocr_carea ocr_par ocr_line ocrx_word'/>
</head>
<body>
  <div class='ocr_page' id='page_1' title='image "./bullarumdiplomat22cath_0781.png"; bbox 0 0 2170 3147; ppageno 0'>
   <div class='ocr_carea' id='block_1_1' title="bbox 22 262 201 291">
    <p class='ocr_par' dir='ltr' id='par_1_1' title="bbox 22 262 201 291">
     <span class='ocr_line' id='line_1_1' title="bbox 22 262 201 291; baseline -0.017 0"><span class='ocrx_word' id='word_1_1' title='bbox 22 265 69 291; x_wconf 77' lang='lat' dir='ltr'>An.</span> <span class='ocrx_word' id='word_1_2' title='bbox 86 262 112 289; x_wconf 91' lang='lat' dir='ltr'>C.</span> <span class='ocrx_word' id='word_1_3' title='bbox 136 262 201 289; x_wconf 68' lang='lat'>¹728</span> 
     </span>
    </p>
   </div>
   <div class='ocr_carea' id='block_1_2' title="bbox 790 260 1142 285">
    <p class='ocr_par' dir='ltr' id='par_1_2' title="bbox 790 260 1142 285">
     <span class='ocr_line' id='line_1_2' title="bbox 790 260 1142 285; baseline -0.006 0"><span class='ocrx_word' id='word_1_4' title='bbox 790 260 985 285; x_wconf 73' lang='lat' dir='ltr'>BENEDICTUS</span> <span class='ocrx_word' id='word_1_5' title='bbox 1011 260 1069 284; x_wconf 82' lang='lat' dir='ltr'>xttt</span> <span class='ocrx_word' id='word_1_6' title='bbox 1094 261 1142 284; x_wconf 77' lang='lat' dir='ltr'>FP.</span> 
     </span>
    </p>
   </div>
   <div class='ocr_carea' id='block_1_3' title="bbox 211 309 958 2682">
    <p class='ocr_par' dir='ltr' id='par_1_3' title="bbox 211 309 958 2682">
     <span class='ocr_line' id='line_1_3' title="bbox 212 309 952 353; baseline -0.001 -11"><span class='ocrx_word' id='word_1_7' title='bbox 212 310 441 343; x_wconf 71' lang='lat' dir='ltr'>decessoribus</span> <span class='ocrx_word' id='word_1_8' title='bbox 478 309 671 352; x_wconf 77' lang='lat' dir='ltr'>praedietis,</span> <span class='ocrx_word' id='word_1_9' title='bbox 698 314 731 342; x_wconf 79' lang='grc'>111</span> <span class='ocrx_word' id='word_1_10' title='bbox 756 311 952 353; x_wconf 62' lang='lat' dir='ltr'>praefertur,</span> 
     </span>
     <span class='ocr_line' id='line_1_4' title="bbox 211 362 953 406; baseline -0.003 -11"><span class='ocrx_word' id='word_1_11' title='bbox 211 363 391 406; x_wconf 73' lang='lat' dir='ltr'>respective</span> <span class='ocrx_word' id='word_1_12' title='bbox 418 362 528 403; x_wconf 75' lang='lat' dir='ltr'>sacta⁴‚</span> <span class='ocrx_word' id='word_1_13' title='bbox 557 369 598 403; x_wconf 84' lang='lat' dir='ltr'>et,</span> <span class='ocrx_word' id='word_1_14' title='bbox 624 368 784 406; x_wconf 86' lang='lat' dir='ltr'>quatenus</span> <span class='ocrx_word' id='word_1_15' title='bbox 802 373 883 406; x_wconf 87' lang='lat' dir='ltr'>opus</span> <span class='ocrx_word' id='word_1_16' title='bbox 902 362 953 401; x_wconf 81' lang='lat' dir='ltr'>sit,</span> 
     </span>
     <span class='ocr_line' id='line_1_5' title="bbox 212 415 952 459; baseline -0.001 -12"><span class='ocrx_word' id='word_1_17' title='bbox 212 417 250 449; x_wconf 86' lang='lat' dir='ltr'>de</span> <span class='ocrx_word' id='word_1_18' title='bbox 276 416 346 448; x_wconf 89' lang='lat' dir='ltr'>iure</span> <span class='ocrx_word' id='word_1_19' title='bbox 371 416 520 459; x_wconf 81' lang='lat' dir='ltr'>quaesito</span> <span class='ocrx_word' id='word_1_20' title='bbox 546 426 611 448; x_wconf 89' lang='lat' dir='ltr'>non</span> <span class='ocrx_word' id='word_1_21' title='bbox 633 416 792 454; x_wconf 86' lang='lat' dir='ltr'>tollendo,</span> <span class='ocrx_word' id='word_1_22' title='bbox 816 415 952 457; x_wconf 85' lang='lat' dir='ltr'>aliisque</span> 
     </span>
     <span class='ocr_line' id='line_1_6' title="bbox 213 469 955 511; baseline 0 -11"><span class='ocrx_word' id='word_1_23' title='bbox 213 469 329 501; x_wconf 89' lang='lat' dir='ltr'>nostris</span> <span class='ocrx_word' id='word_1_24' title='bbox 354 475 386 502; x_wconf 88' lang='lat' dir='ltr'>et</span> <span class='ocrx_word' id='word_1_25' title='bbox 418 469 634 502; x_wconf 71' lang='lat' dir='ltr'>Cancellariae</span> <span class='ocrx_word' id='word_1_26' title='bbox 672 469 877 511; x_wconf 82' lang='lat' dir='ltr'>Apostolicac</span> <span class='ocrx_word' id='word_1_27' title='bbox 904 479 955 500; x_wconf 90' lang='lat' dir='ltr'>re-</span> 
     </span>
     <span class='ocr_line' id='line_1_7' title="bbox 213 521 951 563; baseline 0.001 -11"><span class='ocrx_word' id='word_1_28' title='bbox 213 522 307 563; x_wconf 75' lang='lat' dir='ltr'>gulis,</span> <span class='ocrx_word' id='word_1_29' title='bbox 332 532 459 554; x_wconf 91' lang='lat' dir='ltr'>necnon</span> <span class='ocrx_word' id='word_1_30' title='bbox 495 522 540 554; x_wconf 79' lang='lat' dir='ltr'>Pii</span> <span class='ocrx_word' id='word_1_31' title='bbox 572 522 608 554; x_wconf 84' lang='lat' dir='ltr'>tv</span> <span class='ocrx_word' id='word_1_32' title='bbox 639 528 670 554; x_wconf 89' lang='lat' dir='ltr'>et</span> <span class='ocrx_word' id='word_1_33' title='bbox 696 521 740 554; x_wconf 80' lang='lat' dir='ltr'>Pii</span> <span class='ocrx_word' id='word_1_34' title='bbox 766 522 789 552; x_wconf 65' lang='lat' dir='ltr'><strong>V</strong></span> <span class='ocrx_word' id='word_1_35' title='bbox 814 532 849 554; x_wconf 89' lang='lat' dir='ltr'>ac</span> <span class='ocrx_word' id='word_1_36' title='bbox 874 521 951 554; x_wconf 81' lang='lat' dir='ltr'>Sixti</span> 
     </span>
     <span class='ocr_line' id='line_1_8' title="bbox 213 573 950 616; baseline 0 -10"><span class='ocrx_word' id='word_1_37' title='bbox 213 575 506 616; x_wconf 83' lang='lat' dir='ltr'>praedecessorum</span> <span class='ocrx_word' id='word_1_38' title='bbox 533 574 750 616; x_wconf 82' lang='lat' dir='ltr'>praefatorum</span> <span class='ocrx_word' id='word_1_39' title='bbox 791 585 828 606; x_wconf 87' lang='lat' dir='ltr'>ac</span> <span class='ocrx_word' id='word_1_40' title='bbox 864 573 950 606; x_wconf 88' lang='lat' dir='ltr'>alio-</span> 
     </span>
     <span class='ocr_line' id='line_1_9' title="bbox 214 627 952 670; baseline 0.001 -12"><span class='ocrx_word' id='word_1_41' title='bbox 214 637 282 658; x_wconf 85' lang='lat' dir='ltr'>rum</span> <span class='ocrx_word' id='word_1_42' title='bbox 310 637 589 670; x_wconf 88' lang='lat' dir='ltr'>quorumcumque</span> <span class='ocrx_word' id='word_1_43' title='bbox 623 627 841 660; x_wconf 82' lang='lat' dir='ltr'>Romanorum</span> <span class='ocrx_word' id='word_1_44' title='bbox 868 627 952 660; x_wconf 78' lang='lat' dir='ltr'>Pon-</span> 
     </span>
     <span class='ocr_line' id='line_1_10' title="bbox 213 678 952 722; baseline 0 -11"><span class='ocrx_word' id='word_1_45' title='bbox 213 678 332 711; x_wconf 80' lang='lat' dir='ltr'>tificum</span> <span class='ocrx_word' id='word_1_46' title='bbox 370 680 659 722; x_wconf 84' lang='lat' dir='ltr'>praedecessorum</span> <span class='ocrx_word' id='word_1_47' title='bbox 693 685 879 712; x_wconf 84' lang='lat' dir='ltr'>nostrorum</span> <span class='ocrx_word' id='word_1_48' title='bbox 914 679 952 711; x_wconf 91' lang='lat' dir='ltr'>de</span> 
     </span>
     <span class='ocr_line' id='line_1_11' title="bbox 214 731 952 775; baseline 0.001 -12"><span class='ocrx_word' id='word_1_49' title='bbox 214 732 310 764; x_wconf 84' lang='lat' dir='ltr'>rebus</span> <span class='ocrx_word' id='word_1_50' title='bbox 335 731 498 765; x_wconf 79' lang='lat' dir='ltr'>Ecclesiae</span> <span class='ocrx_word' id='word_1_51' title='bbox 525 737 555 764; x_wconf 91' lang='lat' dir='ltr'>et</span> <span class='ocrx_word' id='word_1_52' title='bbox 580 732 734 765; x_wconf 77' lang='lat' dir='ltr'>Gamerae</span> <span class='ocrx_word' id='word_1_53' title='bbox 767 732 952 775; x_wconf 89' lang='lat' dir='ltr'>praedictae</span> 
     </span>
     <span class='ocr_line' id='line_1_12' title="bbox 213 785 953 823; baseline 0 -7"><span class='ocrx_word' id='word_1_54' title='bbox 213 795 276 817; x_wconf 91' lang='lat' dir='ltr'>non</span> <span class='ocrx_word' id='word_1_55' title='bbox 303 785 499 823; x_wconf 80' lang='lat' dir='ltr'>alienandis,</span> <span class='ocrx_word' id='word_1_56' title='bbox 524 790 556 817; x_wconf 90' lang='lat' dir='ltr'>et</span> <span class='ocrx_word' id='word_1_57' title='bbox 580 786 664 818; x_wconf 87' lang='lat' dir='ltr'>male</span> <span class='ocrx_word' id='word_1_58' title='bbox 690 785 837 818; x_wconf 88' lang='lat' dir='ltr'>alienatis</span> <span class='ocrx_word' id='word_1_59' title='bbox 862 795 953 817; x_wconf 88' lang='lat' dir='ltr'>recu-</span> 
     </span>
     <span class='ocr_line' id='line_1_13' title="bbox 213 838 954 881; baseline 0.001 -12"><span class='ocrx_word' id='word_1_60' title='bbox 213 838 386 879; x_wconf 80' lang='lat' dir='ltr'>perandis,</span> <span class='ocrx_word' id='word_1_61' title='bbox 420 838 551 881; x_wconf 83' lang='lat' dir='ltr'>illisque</span> <span class='ocrx_word' id='word_1_62' title='bbox 586 849 650 871; x_wconf 85' lang='lat' dir='ltr'>non</span> <span class='ocrx_word' id='word_1_63' title='bbox 687 838 893 881; x_wconf 75' lang='lat' dir='ltr'>obligandis,</span> <span class='ocrx_word' id='word_1_64' title='bbox 919 848 954 870; x_wconf 88' lang='lat' dir='ltr'>ac</span> 
     </span>
     <span class='ocr_line' id='line_1_14' title="bbox 214 890 952 934; baseline 0.001 -12"><span class='ocrx_word' id='word_1_65' title='bbox 214 890 356 923; x_wconf 79' lang='lat' dir='ltr'>eiusdem</span> <span class='ocrx_word' id='word_1_66' title='bbox 384 890 428 923; x_wconf 79' lang='lat' dir='ltr'>Pii</span> <span class='ocrx_word' id='word_1_67' title='bbox 455 890 490 923; x_wconf 67' lang='lat' dir='ltr'>lY</span> <span class='ocrx_word' id='word_1_68' title='bbox 520 891 782 934; x_wconf 78' lang='lat' dir='ltr'>praedecessoris</span> <span class='ocrx_word' id='word_1_69' title='bbox 815 891 952 934; x_wconf 75' lang='lat' dir='ltr'>praefati</span> 
     </span>
     <span class='ocr_line' id='line_1_15' title="bbox 214 943 953 983; baseline 0.001 -8"><span class='ocrx_word' id='word_1_70' title='bbox 214 943 253 975; x_wconf 86' lang='lat' dir='ltr'>de</span> <span class='ocrx_word' id='word_1_71' title='bbox 279 943 390 983; x_wconf 62' lang='lat' dir='ltr'>gratiis</span> <span class='ocrx_word' id='word_1_72' title='bbox 426 943 570 975; x_wconf 85' lang='lat' dir='ltr'>eiusdem</span> <span class='ocrx_word' id='word_1_73' title='bbox 606 943 758 976; x_wconf 75' lang='lat' dir='ltr'>Gamerae</span> <span class='ocrx_word' id='word_1_74' title='bbox 795 943 953 976; x_wconf 71' lang='lat' dir='ltr'>interesse</span> 
     </span>
     <span class='ocr_line' id='line_1_16' title="bbox 214 996 954 1038; baseline 0.001 -11"><span class='ocrx_word' id='word_1_75' title='bbox 214 996 464 1038; x_wconf 77' lang='lat' dir='ltr'>quomodolibet</span> <span class='ocrx_word' id='word_1_76' title='bbox 497 997 772 1029; x_wconf 65' lang='lat' dir='ltr'>concernentibus</span> <span class='ocrx_word' id='word_1_77' title='bbox 804 997 836 1028; x_wconf 92' lang='lat' dir='ltr'>in</span> <span class='ocrx_word' id='word_1_78' title='bbox 869 996 954 1029; x_wconf 74' lang='lat' dir='ltr'>dicta</span> 
     </span>
     <span class='ocr_line' id='line_1_17' title="bbox 214 1049 952 1092; baseline 0.003 -12"><span class='ocrx_word' id='word_1_79' title='bbox 214 1049 346 1082; x_wconf 74' lang='lat' dir='ltr'>Camera</span> <span class='ocrx_word' id='word_1_80' title='bbox 380 1050 463 1082; x_wconf 90' lang='lat' dir='ltr'>intra</span> <span class='ocrx_word' id='word_1_81' title='bbox 497 1055 620 1082; x_wconf 84' lang='lat' dir='ltr'>certum</span> <span class='ocrx_word' id='word_1_82' title='bbox 645 1054 771 1092; x_wconf 88' lang='lat' dir='ltr'>tempus</span> <span class='ocrx_word' id='word_1_83' title='bbox 797 1060 952 1092; x_wconf 83' lang='lat' dir='ltr'>praesen-</span> 
     </span>
     <span class='ocr_line' id='line_1_18' title="bbox 216 1102 955 1146; baseline 0.001 -12"><span class='ocrx_word' id='word_1_84' title='bbox 216 1102 321 1134; x_wconf 86' lang='lat' dir='ltr'>tandis</span> <span class='ocrx_word' id='word_1_85' title='bbox 347 1112 382 1134; x_wconf 90' lang='lat' dir='ltr'>ae</span> <span class='ocrx_word' id='word_1_86' title='bbox 408 1103 642 1145; x_wconf 82' lang='lat' dir='ltr'>registrandis,</span> <span class='ocrx_word' id='word_1_87' title='bbox 675 1102 809 1146; x_wconf 82' lang='lat' dir='ltr'>aliisque</span> <span class='ocrx_word' id='word_1_88' title='bbox 836 1102 955 1135; x_wconf 86' lang='lat' dir='ltr'>eonsti-</span> 
     </span>
     <span class='ocr_line' id='line_1_19' title="bbox 216 1154 953 1198; baseline 0.001 -12"><span class='ocrx_word' id='word_1_89' title='bbox 216 1154 393 1187; x_wconf 89' lang='lat' dir='ltr'>tutionibus</span> <span class='ocrx_word' id='word_1_90' title='bbox 418 1160 450 1187; x_wconf 91' lang='lat' dir='ltr'>et</span> <span class='ocrx_word' id='word_1_91' title='bbox 474 1155 735 1188; x_wconf 63' lang='lat' dir='ltr'>ordinationibus</span> <span class='ocrx_word' id='word_1_92' title='bbox 756 1156 953 1198; x_wconf 82' lang='lat' dir='ltr'>apostolicis,</span> 
     </span>
     <span class='ocr_line' id='line_1_20' title="bbox 215 1208 954 1252; baseline -0.001 -12"><span class='ocrx_word' id='word_1_93' title='bbox 215 1208 392 1250; x_wconf 77' lang='lat' dir='ltr'>privilegiis</span> <span class='ocrx_word' id='word_1_94' title='bbox 418 1219 568 1252; x_wconf 80' lang='lat' dir='ltr'>quoque,</span> <span class='ocrx_word' id='word_1_95' title='bbox 606 1208 740 1241; x_wconf 90' lang='lat' dir='ltr'>indultis</span> <span class='ocrx_word' id='word_1_96' title='bbox 774 1214 805 1241; x_wconf 81' lang='lat' dir='ltr'>et</span> <span class='ocrx_word' id='word_1_97' title='bbox 838 1209 954 1242; x_wconf 83' lang='lat' dir='ltr'>litteris</span> 
     </span>
     <span class='ocr_line' id='line_1_21' title="bbox 217 1261 955 1303; baseline 0.003 -11"><span class='ocrx_word' id='word_1_98' title='bbox 217 1261 413 1303; x_wconf 85' lang='lat' dir='ltr'>apostolicis,</span> <span class='ocrx_word' id='word_1_99' title='bbox 430 1272 596 1294; x_wconf 86' lang='lat' dir='ltr'>causarum</span> <span class='ocrx_word' id='word_1_100' title='bbox 612 1261 890 1294; x_wconf 75' lang='lat' dir='ltr'>confidentialium</span> <span class='ocrx_word' id='word_1_101' title='bbox 906 1273 955 1294; x_wconf 84' lang='lat' dir='ltr'>au-</span> 
     </span>
     <span class='ocr_line' id='line_1_22' title="bbox 216 1314 955 1358; baseline 0.003 -12"><span class='ocrx_word' id='word_1_102' title='bbox 216 1314 393 1354; x_wconf 77' lang='lat' dir='ltr'>ditoratuS,</span> <span class='ocrx_word' id='word_1_103' title='bbox 428 1325 444 1347; x_wconf 90' lang='lat' dir='ltr'>a</span> <span class='ocrx_word' id='word_1_104' title='bbox 479 1315 574 1347; x_wconf 90' lang='lat' dir='ltr'>nobis</span> <span class='ocrx_word' id='word_1_105' title='bbox 600 1325 659 1358; x_wconf 90' lang='lat' dir='ltr'>per</span> <span class='ocrx_word' id='word_1_106' title='bbox 683 1321 896 1358; x_wconf 74' lang='lat' dir='ltr'>praesentes,</span> <span class='ocrx_word' id='word_1_107' title='bbox 921 1321 955 1348; x_wconf 91' lang='lat' dir='ltr'>ut</span> 
     </span>
     <span class='ocr_line' id='line_1_23' title="bbox 215 1368 953 1411; baseline 0.001 -12"><span class='ocrx_word' id='word_1_108' title='bbox 215 1368 410 1411; x_wconf 80' lang='lat' dir='ltr'>praefertur,</span> <span class='ocrx_word' id='word_1_109' title='bbox 437 1368 594 1407; x_wconf 87' lang='lat' dir='ltr'>abdicati,</span> <span class='ocrx_word' id='word_1_110' title='bbox 623 1378 658 1400; x_wconf 84' lang='lat' dir='ltr'>ac</span> <span class='ocrx_word' id='word_1_111' title='bbox 683 1369 721 1401; x_wconf 86' lang='lat' dir='ltr'>de</span> <span class='ocrx_word' id='word_1_112' title='bbox 747 1379 830 1402; x_wconf 79' lang='lat' dir='ltr'>noro</span> <span class='ocrx_word' id='word_1_113' title='bbox 856 1369 953 1401; x_wconf 88' lang='lat' dir='ltr'>erecti</span> 
     </span>
     <span class='ocr_line' id='line_1_24' title="bbox 217 1421 956 1464; baseline 0.003 -12"><span class='ocrx_word' id='word_1_114' title='bbox 217 1425 248 1452; x_wconf 91' lang='lat' dir='ltr'>et</span> <span class='ocrx_word' id='word_1_115' title='bbox 273 1421 443 1463; x_wconf 88' lang='lat' dir='ltr'>applicati,</span> <span class='ocrx_word' id='word_1_116' title='bbox 471 1421 607 1453; x_wconf 76' lang='lat' dir='ltr'>auditori</span> <span class='ocrx_word' id='word_1_117' title='bbox 635 1431 693 1464; x_wconf 92' lang='lat' dir='ltr'>pro</span> <span class='ocrx_word' id='word_1_118' title='bbox 721 1426 865 1464; x_wconf 88' lang='lat' dir='ltr'>tempore</span> <span class='ocrx_word' id='word_1_119' title='bbox 892 1421 956 1454; x_wconf 78' lang='lat' dir='ltr'>exi-</span> 
     </span>
     <span class='ocr_line' id='line_1_25' title="bbox 216 1473 957 1517; baseline 0.004 -13"><span class='ocrx_word' id='word_1_120' title='bbox 216 1473 332 1513; x_wconf 84' lang='lat' dir='ltr'>stenti,</span> <span class='ocrx_word' id='word_1_121' title='bbox 359 1474 418 1505; x_wconf 90' lang='lat' dir='ltr'>sub</span> <span class='ocrx_word' id='word_1_122' title='bbox 449 1473 705 1517; x_wconf 79' lang='lat' dir='ltr'>quibuscumque</span> <span class='ocrx_word' id='word_1_123' title='bbox 733 1474 900 1507; x_wconf 82' lang='lat' dir='ltr'>tenoribus</span> <span class='ocrx_word' id='word_1_124' title='bbox 927 1480 957 1507; x_wconf 92' lang='lat' dir='ltr'>et</span> 
     </span>
     <span class='ocr_line' id='line_1_26' title="bbox 217 1526 956 1570; baseline 0.003 -13"><span class='ocrx_word' id='word_1_125' title='bbox 217 1526 350 1565; x_wconf 81' lang='lat' dir='ltr'>formis,</span> <span class='ocrx_word' id='word_1_126' title='bbox 382 1537 418 1559; x_wconf 88' lang='lat' dir='ltr'>ae</span> <span class='ocrx_word' id='word_1_127' title='bbox 448 1537 518 1559; x_wconf 82' lang='lat' dir='ltr'>cum</span> <span class='ocrx_word' id='word_1_128' title='bbox 545 1527 711 1570; x_wconf 82' lang='lat' dir='ltr'>quibusvis</span> <span class='ocrx_word' id='word_1_129' title='bbox 737 1528 834 1560; x_wconf 91' lang='lat' dir='ltr'>etiam</span> <span class='ocrx_word' id='word_1_130' title='bbox 861 1528 956 1560; x_wconf 89' lang='lat' dir='ltr'>dero-</span> 
     </span>
     <span class='ocr_line' id='line_1_27' title="bbox 217 1579 956 1623; baseline 0.001 -12"><span class='ocrx_word' id='word_1_131' title='bbox 217 1579 415 1620; x_wconf 80' lang='lat' dir='ltr'>gatoriarum</span> <span class='ocrx_word' id='word_1_132' title='bbox 451 1580 687 1622; x_wconf 80' lang='lat' dir='ltr'>derogatoriis,</span> <span class='ocrx_word' id='word_1_133' title='bbox 725 1580 862 1623; x_wconf 83' lang='lat' dir='ltr'>aliisque</span> <span class='ocrx_word' id='word_1_134' title='bbox 889 1581 956 1613; x_wconf 78' lang='lat' dir='ltr'>esti-</span> 
     </span>
     <span class='ocr_line' id='line_1_28' title="bbox 217 1631 956 1673; baseline 0.004 -10"><span class='ocrx_word' id='word_1_135' title='bbox 217 1631 396 1664; x_wconf 82' lang='lat' dir='ltr'>cacioribus</span> <span class='ocrx_word' id='word_1_136' title='bbox 423 1638 453 1665; x_wconf 90' lang='lat' dir='ltr'>et</span> <span class='ocrx_word' id='word_1_137' title='bbox 478 1632 708 1666; x_wconf 77' lang='lat' dir='ltr'>efficacissimis</span> <span class='ocrx_word' id='word_1_138' title='bbox 736 1634 901 1673; x_wconf 82' lang='lat' dir='ltr'>clausulis,</span> <span class='ocrx_word' id='word_1_139' title='bbox 920 1644 956 1667; x_wconf 89' lang='lat' dir='ltr'>ac</span> 
     </span>
     <span class='ocr_line' id='line_1_29' title="bbox 217 1684 954 1728; baseline 0.003 -11"><span class='ocrx_word' id='word_1_140' title='bbox 217 1684 312 1718; x_wconf 87' lang='lat' dir='ltr'>etiam</span> <span class='ocrx_word' id='word_1_141' title='bbox 346 1685 547 1718; x_wconf 89' lang='lat' dir='ltr'>irritantibus</span> <span class='ocrx_word' id='word_1_142' title='bbox 574 1692 605 1718; x_wconf 89' lang='lat' dir='ltr'>et</span> <span class='ocrx_word' id='word_1_143' title='bbox 629 1686 700 1719; x_wconf 90' lang='lat' dir='ltr'>aliis</span> <span class='ocrx_word' id='word_1_144' title='bbox 736 1687 894 1728; x_wconf 84' lang='lat' dir='ltr'>decretis,</span> <span class='ocrx_word' id='word_1_145' title='bbox 923 1688 954 1719; x_wconf 88' lang='lat' dir='ltr'>in</span> 
     </span>
     <span class='ocr_line' id='line_1_30' title="bbox 217 1739 956 1782; baseline 0.003 -12"><span class='ocrx_word' id='word_1_146' title='bbox 217 1748 338 1780; x_wconf 76' lang='lat' dir='ltr'>genere</span> <span class='ocrx_word' id='word_1_147' title='bbox 361 1739 409 1771; x_wconf 85' lang='lat' dir='ltr'>vel</span> <span class='ocrx_word' id='word_1_148' title='bbox 429 1739 459 1770; x_wconf 91' lang='lat' dir='ltr'>in</span> <span class='ocrx_word' id='word_1_149' title='bbox 481 1739 598 1782; x_wconf 84' lang='lat' dir='ltr'>specie,</span> <span class='ocrx_word' id='word_1_150' title='bbox 618 1740 712 1772; x_wconf 87' lang='lat' dir='ltr'>etiam</span> <span class='ocrx_word' id='word_1_151' title='bbox 731 1745 831 1779; x_wconf 87' lang='lat' dir='ltr'>motu,</span> <span class='ocrx_word' id='word_1_152' title='bbox 854 1740 956 1772; x_wconf 86' lang='lat' dir='ltr'>scien-</span> 
     </span>
     <span class='ocr_line' id='line_1_31' title="bbox 218 1791 956 1835; baseline 0.004 -12"><span class='ocrx_word' id='word_1_153' title='bbox 218 1791 260 1824; x_wconf 72' lang='lat' dir='ltr'>tia</span> <span class='ocrx_word' id='word_1_154' title='bbox 292 1796 323 1824; x_wconf 89' lang='lat' dir='ltr'>et</span> <span class='ocrx_word' id='word_1_155' title='bbox 355 1792 525 1834; x_wconf 88' lang='lat' dir='ltr'>potestatis</span> <span class='ocrx_word' id='word_1_156' title='bbox 559 1792 763 1835; x_wconf 73' lang='lat' dir='ltr'>plenitudine</span> <span class='ocrx_word' id='word_1_157' title='bbox 798 1803 833 1825; x_wconf 90' lang='lat' dir='ltr'>ac</span> <span class='ocrx_word' id='word_1_158' title='bbox 868 1795 956 1826; x_wconf 68' lang='lat' dir='ltr'>mera</span> 
     </span>
     <span class='ocr_line' id='line_1_32' title="bbox 218 1843 955 1888; baseline 0.004 -12"><span class='ocrx_word' id='word_1_159' title='bbox 218 1844 454 1878; x_wconf 68' lang='lat' dir='ltr'>deliberatione</span> <span class='ocrx_word' id='word_1_160' title='bbox 475 1845 660 1888; x_wconf 88' lang='lat' dir='ltr'>praedictis,</span> <span class='ocrx_word' id='word_1_161' title='bbox 683 1855 718 1878; x_wconf 87' lang='lat' dir='ltr'>ae</span> <span class='ocrx_word' id='word_1_162' title='bbox 736 1843 813 1879; x_wconf 81' lang='lat' dir='ltr'>alias</span> <span class='ocrx_word' id='word_1_163' title='bbox 831 1846 862 1878; x_wconf 91' lang='lat' dir='ltr'>in</span> <span class='ocrx_word' id='word_1_164' title='bbox 881 1856 955 1879; x_wconf 90' lang='lat' dir='ltr'>eon-</span> 
     </span>
     <span class='ocr_line' id='line_1_33' title="bbox 218 1897 956 1941; baseline 0.004 -13"><span class='ocrx_word' id='word_1_165' title='bbox 218 1897 352 1929; x_wconf 85' lang='lat' dir='ltr'>trarium</span> <span class='ocrx_word' id='word_1_166' title='bbox 372 1898 621 1940; x_wconf 87' lang='lat' dir='ltr'>praemissorum</span> <span class='ocrx_word' id='word_1_167' title='bbox 637 1898 779 1931; x_wconf 87' lang='lat' dir='ltr'>omnium</span> <span class='ocrx_word' id='word_1_168' title='bbox 800 1904 832 1931; x_wconf 93' lang='lat' dir='ltr'>et</span> <span class='ocrx_word' id='word_1_169' title='bbox 847 1899 956 1941; x_wconf 70' lang='lat' dir='ltr'>singu-</span> 
     </span>
     <span class='ocr_line' id='line_1_34' title="bbox 218 1950 955 1995; baseline 0.003 -13"><span class='ocrx_word' id='word_1_170' title='bbox 218 1950 322 1982; x_wconf 88' lang='lat' dir='ltr'>lorum</span> <span class='ocrx_word' id='word_1_171' title='bbox 347 1950 589 1992; x_wconf 84' lang='lat' dir='ltr'>praedictorum</span> <span class='ocrx_word' id='word_1_172' title='bbox 616 1952 863 1995; x_wconf 76' lang='lat' dir='ltr'>quomodolibet</span> <span class='ocrx_word' id='word_1_173' title='bbox 887 1953 955 1995; x_wconf 91' lang='lat' dir='ltr'>plu-</span> 
     </span>
     <span class='ocr_line' id='line_1_35' title="bbox 218 2002 954 2046; baseline 0.004 -13"><span class='ocrx_word' id='word_1_174' title='bbox 218 2002 282 2034; x_wconf 87' lang='lat' dir='ltr'>ries</span> <span class='ocrx_word' id='word_1_175' title='bbox 306 2003 486 2043; x_wconf 78' lang='lat' dir='ltr'>concessis,</span> <span class='ocrx_word' id='word_1_176' title='bbox 511 2005 699 2046; x_wconf 85' lang='lat' dir='ltr'>approbatis</span> <span class='ocrx_word' id='word_1_177' title='bbox 726 2010 757 2037; x_wconf 86' lang='lat' dir='ltr'>et</span> <span class='ocrx_word' id='word_1_178' title='bbox 782 2005 954 2046; x_wconf 85' lang='lat' dir='ltr'>innovatis;</span> 
     </span>
     <span class='ocr_line' id='line_1_36' title="bbox 219 2055 955 2099; baseline 0.008 -14"><span class='ocrx_word' id='word_1_179' title='bbox 219 2055 337 2097; x_wconf 87' lang='lat' dir='ltr'>quibus</span> <span class='ocrx_word' id='word_1_180' title='bbox 363 2055 512 2088; x_wconf 88' lang='lat' dir='ltr'>omnibus</span> <span class='ocrx_word' id='word_1_181' title='bbox 540 2062 571 2089; x_wconf 89' lang='lat' dir='ltr'>et</span> <span class='ocrx_word' id='word_1_182' title='bbox 595 2057 743 2099; x_wconf 82' lang='lat' dir='ltr'>singulis,</span> <span class='ocrx_word' id='word_1_183' title='bbox 770 2057 894 2090; x_wconf 87' lang='lat' dir='ltr'>etiamsi</span> <span class='ocrx_word' id='word_1_184' title='bbox 916 2058 955 2091; x_wconf 93' lang='lat' dir='ltr'>de</span> 
     </span>
     <span class='ocr_line' id='line_1_37' title="bbox 219 2107 956 2152; baseline 0.004 -12"><span class='ocrx_word' id='word_1_185' title='bbox 219 2107 283 2141; x_wconf 89' lang='lat' dir='ltr'>illis</span> <span class='ocrx_word' id='word_1_186' title='bbox 309 2118 486 2151; x_wconf 85' lang='lat' dir='ltr'>eorumque</span> <span class='ocrx_word' id='word_1_187' title='bbox 513 2108 649 2152; x_wconf 83' lang='lat' dir='ltr'>singulis</span> <span class='ocrx_word' id='word_1_188' title='bbox 680 2115 711 2142; x_wconf 87' lang='lat' dir='ltr'>et</span> <span class='ocrx_word' id='word_1_189' title='bbox 736 2110 811 2143; x_wconf 88' lang='lat' dir='ltr'>totis</span> <span class='ocrx_word' id='word_1_190' title='bbox 838 2111 956 2143; x_wconf 83' lang='lat' dir='ltr'>tenori-</span> 
     </span>
     <span class='ocr_line' id='line_1_38' title="bbox 219 2160 956 2206; baseline 0.005 -14"><span class='ocrx_word' id='word_1_191' title='bbox 219 2160 279 2192; x_wconf 85' lang='lat' dir='ltr'>bus</span> <span class='ocrx_word' id='word_1_192' title='bbox 304 2160 456 2193; x_wconf 87' lang='lat' dir='ltr'>babenda</span> <span class='ocrx_word' id='word_1_193' title='bbox 481 2162 522 2193; x_wconf 87' lang='lat' dir='ltr'>sit</span> <span class='ocrx_word' id='word_1_194' title='bbox 546 2162 667 2195; x_wconf 89' lang='lat' dir='ltr'>mentio</span> <span class='ocrx_word' id='word_1_195' title='bbox 694 2162 857 2205; x_wconf 84' lang='lat' dir='ltr'>specialis,</span> <span class='ocrx_word' id='word_1_196' title='bbox 883 2174 956 2206; x_wconf 89' lang='lat' dir='ltr'>per-</span> 
     </span>
     <span class='ocr_line' id='line_1_39' title="bbox 219 2213 957 2257; baseline 0.007 -13"><span class='ocrx_word' id='word_1_197' title='bbox 219 2213 294 2245; x_wconf 89' lang='lat' dir='ltr'>inde</span> <span class='ocrx_word' id='word_1_198' title='bbox 321 2223 356 2244; x_wconf 87' lang='lat' dir='ltr'>ac</span> <span class='ocrx_word' id='word_1_199' title='bbox 385 2213 408 2245; x_wconf 92' lang='lat' dir='ltr'>si</span> <span class='ocrx_word' id='word_1_200' title='bbox 441 2213 471 2245; x_wconf 93' lang='lat' dir='ltr'>in</span> <span class='ocrx_word' id='word_1_201' title='bbox 498 2214 620 2247; x_wconf 81' lang='lat' dir='ltr'>eisdem</span> <span class='ocrx_word' id='word_1_202' title='bbox 653 2216 880 2257; x_wconf 86' lang='lat' dir='ltr'>praesentibus</span> <span class='ocrx_word' id='word_1_203' title='bbox 906 2227 957 2249; x_wconf 89' lang='lat' dir='ltr'>eo-</span> 
     </span>
     <span class='ocr_line' id='line_1_40' title="bbox 219 2266 954 2309; baseline 0.005 -12"><span class='ocrx_word' id='word_1_204' title='bbox 219 2275 290 2298; x_wconf 86' lang='lat' dir='ltr'>rum</span> <span class='ocrx_word' id='word_1_205' title='bbox 316 2271 444 2299; x_wconf 82' lang='lat' dir='ltr'>tenores</span> <span class='ocrx_word' id='word_1_206' title='bbox 472 2272 503 2299; x_wconf 87' lang='lat' dir='ltr'>et</span> <span class='ocrx_word' id='word_1_207' title='bbox 528 2266 566 2300; x_wconf 91' lang='lat' dir='ltr'>de</span> <span class='ocrx_word' id='word_1_208' title='bbox 591 2267 689 2300; x_wconf 79' lang='lat' dir='ltr'>verbo</span> <span class='ocrx_word' id='word_1_209' title='bbox 725 2268 764 2301; x_wconf 86' lang='lat' dir='ltr'>ad</span> <span class='ocrx_word' id='word_1_210' title='bbox 799 2268 954 2309; x_wconf 78' lang='lat' dir='ltr'>verbum,</span> 
     </span>
     <span class='ocr_line' id='line_1_41' title="bbox 219 2319 955 2362; baseline 0.005 -12"><span class='ocrx_word' id='word_1_211' title='bbox 219 2319 301 2351; x_wconf 84' lang='lat' dir='ltr'>nibil</span> <span class='ocrx_word' id='word_1_212' title='bbox 338 2319 468 2362; x_wconf 90' lang='lat' dir='ltr'>penitus</span> <span class='ocrx_word' id='word_1_213' title='bbox 505 2320 641 2360; x_wconf 86' lang='lat' dir='ltr'>omisso,</span> <span class='ocrx_word' id='word_1_214' title='bbox 678 2321 790 2354; x_wconf 88' lang='lat' dir='ltr'>inserti</span> <span class='ocrx_word' id='word_1_215' title='bbox 828 2322 955 2362; x_wconf 80' lang='lat' dir='ltr'>forent,</span> 
     </span>
     <span class='ocr_line' id='line_1_42' title="bbox 219 2372 956 2414; baseline 0.005 -11"><span class='ocrx_word' id='word_1_216' title='bbox 219 2381 278 2414; x_wconf 90' lang='lat' dir='ltr'>pro</span> <span class='ocrx_word' id='word_1_217' title='bbox 311 2372 475 2414; x_wconf 83' lang='lat' dir='ltr'>expressis</span> <span class='ocrx_word' id='word_1_218' title='bbox 512 2373 693 2413; x_wconf 85' lang='lat' dir='ltr'>habentes,</span> <span class='ocrx_word' id='word_1_219' title='bbox 728 2374 791 2406; x_wconf 91' lang='lat' dir='ltr'>illis</span> <span class='ocrx_word' id='word_1_220' title='bbox 821 2375 900 2407; x_wconf 74' lang='lat' dir='ltr'>alias</span> <span class='ocrx_word' id='word_1_221' title='bbox 925 2374 956 2407; x_wconf 89' lang='lat' dir='ltr'>in</span> 
     </span>
     <span class='ocr_line' id='line_1_43' title="bbox 219 2424 958 2467; baseline 0.005 -12"><span class='ocrx_word' id='word_1_222' title='bbox 219 2434 276 2456; x_wconf 85' lang='lat' dir='ltr'>suo</span> <span class='ocrx_word' id='word_1_223' title='bbox 306 2424 425 2457; x_wconf 91' lang='lat' dir='ltr'>robore</span> <span class='ocrx_word' id='word_1_224' title='bbox 461 2425 705 2467; x_wconf 81' lang='lat' dir='ltr'>permansuris,</span> <span class='ocrx_word' id='word_1_225' title='bbox 740 2426 895 2459; x_wconf 88' lang='lat' dir='ltr'>latissime</span> <span class='ocrx_word' id='word_1_226' title='bbox 925 2432 958 2459; x_wconf 89' lang='lat' dir='ltr'>et</span> 
     </span>
     <span class='ocr_line' id='line_1_44' title="bbox 219 2476 955 2520; baseline 0.001 -10"><span class='ocrx_word' id='word_1_227' title='bbox 219 2476 405 2520; x_wconf 86' lang='lat' dir='ltr'>plenissime</span> <span class='ocrx_word' id='word_1_228' title='bbox 423 2487 458 2510; x_wconf 89' lang='lat' dir='ltr'>ac</span> <span class='ocrx_word' id='word_1_229' title='bbox 475 2487 643 2520; x_wconf 76' lang='lat' dir='ltr'>expresse,</span> <span class='ocrx_word' id='word_1_230' title='bbox 663 2479 701 2511; x_wconf 92' lang='lat' dir='ltr'>ad</span> <span class='ocrx_word' id='word_1_231' title='bbox 719 2479 955 2512; x_wconf 88' lang='lat' dir='ltr'>validissimum</span> 
     </span>
     <span class='ocr_line' id='line_1_45' title="bbox 218 2529 955 2574; baseline 0.004 -12"><span class='ocrx_word' id='word_1_232' title='bbox 218 2529 467 2572; x_wconf 86' lang='lat' dir='ltr'>praemissorum</span> <span class='ocrx_word' id='word_1_233' title='bbox 507 2530 650 2563; x_wconf 89' lang='lat' dir='ltr'>omnium</span> <span class='ocrx_word' id='word_1_234' title='bbox 688 2536 719 2563; x_wconf 89' lang='lat' dir='ltr'>et</span> <span class='ocrx_word' id='word_1_235' title='bbox 756 2531 955 2574; x_wconf 81' lang='lat' dir='ltr'>singulorum</span> 
     </span>
     <span class='ocr_line' id='line_1_46' title="bbox 218 2582 957 2629; baseline 0.004 -14"><span class='ocrx_word' id='word_1_236' title='bbox 218 2582 457 2626; x_wconf 86' lang='lat' dir='ltr'>praedictorum</span> <span class='ocrx_word' id='word_1_237' title='bbox 476 2582 639 2626; x_wconf 76' lang='lat' dir='ltr'>effectum,</span> <span class='ocrx_word' id='word_1_238' title='bbox 657 2583 753 2617; x_wconf 88' lang='lat' dir='ltr'>etiam</span> <span class='ocrx_word' id='word_1_239' title='bbox 771 2584 957 2629; x_wconf 81' lang='lat' dir='ltr'>specialiter</span> 
     </span>
     <span class='ocr_line' id='line_1_47' title="bbox 256 2644 800 2682; baseline 0.006 -10"><span class='ocrx_word' id='word_1_240' title='bbox 256 2646 266 2672; x_wconf 84' lang='lat'>1</span> <span class='ocrx_word' id='word_1_241' title='bbox 288 2644 399 2673; x_wconf 62' lang='lat' dir='ltr'>Videtur</span> <span class='ocrx_word' id='word_1_242' title='bbox 419 2644 514 2673; x_wconf 84' lang='lat' dir='ltr'>deesse</span> <span class='ocrx_word' id='word_1_243' title='bbox 534 2646 676 2675; x_wconf 76' lang='lat' dir='ltr'>erectione</span> <span class='ocrx_word' id='word_1_244' title='bbox 697 2647 735 2682; x_wconf 81' lang='lat' dir='ltr'>(n.</span> <span class='ocrx_word' id='word_1_245' title='bbox 752 2648 800 2681; x_wconf 76' lang='lat' dir='ltr'>T.)-</span> 
     </span>
    </p>
   </div>
   <div class='ocr_carea' id='block_1_4' title="bbox 973 553 981 2022">
    <p class='ocr_par' dir='ltr' id='par_1_4' title="bbox 973 553 981 2022">
     <span class='ocr_line' id='line_1_48' title="bbox 973 553 981 2022; baseline 0 0"><span class='ocrx_word' id='word_1_246' title='bbox 973 553 981 2022; x_wconf 95' lang='lat' dir='ltr'> </span> 
     </span>
    </p>
   </div>
   <div class='ocr_carea' id='block_1_5' title="bbox 996 308 1738 1303">
    <p class='ocr_par' dir='ltr' id='par_1_5' title="bbox 998 308 1738 405">
     <span class='ocr_line' id='line_1_49' title="bbox 998 308 1738 352; baseline 0 -11"><span class='ocrx_word' id='word_1_247' title='bbox 998 314 1030 341; x_wconf 85' lang='lat' dir='ltr'>et</span> <span class='ocrx_word' id='word_1_248' title='bbox 1054 320 1207 352; x_wconf 75' lang='lat' dir='ltr'>expresse</span> <span class='ocrx_word' id='word_1_249' title='bbox 1233 314 1320 342; x_wconf 83' lang='lat' dir='ltr'>motu</span> <span class='ocrx_word' id='word_1_250' title='bbox 1353 308 1421 352; x_wconf 83' lang='lat' dir='ltr'>pari</span> <span class='ocrx_word' id='word_1_251' title='bbox 1452 309 1661 350; x_wconf 63' lang='lat' dir='ltr'>derogamus,</span> <span class='ocrx_word' id='word_1_252' title='bbox 1692 319 1738 341; x_wconf 85' lang='lat' dir='ltr'>ce-</span> 
     </span>
     <span class='ocr_line' id='line_1_50' title="bbox 998 362 1634 405; baseline -0.002 -11"><span class='ocrx_word' id='word_1_253' title='bbox 998 362 1143 404; x_wconf 86' lang='lat' dir='ltr'>terisque</span> <span class='ocrx_word' id='word_1_254' title='bbox 1169 362 1339 395; x_wconf 81' lang='lat' dir='ltr'>contrariis</span> <span class='ocrx_word' id='word_1_255' title='bbox 1364 362 1634 405; x_wconf 82' lang='lat' dir='ltr'>quibuscumque.</span> 
     </span>
    </p>

    <p class='ocr_par' dir='ltr' id='par_1_6' title="bbox 996 414 1738 1027">
     <span class='ocr_line' id='line_1_51' title="bbox 1040 414 1736 456; baseline 0 -10"><span class='ocrx_word' id='word_1_256' title='bbox 1040 415 1054 456; x_wconf 70' lang='lat'>§</span> <span class='ocrx_word' id='word_1_257' title='bbox 1081 414 1133 446; x_wconf 67' lang='lat'>14.</span> <span class='ocrx_word' id='word_1_258' title='bbox 1161 414 1244 447; x_wconf 71' lang='lat' dir='ltr'>Nulli</span> <span class='ocrx_word' id='word_1_259' title='bbox 1264 424 1342 456; x_wconf 79' lang='lat' dir='ltr'>ergo</span> <span class='ocrx_word' id='word_1_260' title='bbox 1362 414 1495 447; x_wconf 90' lang='lat' dir='ltr'>omnino</span> <span class='ocrx_word' id='word_1_261' title='bbox 1514 414 1682 446; x_wconf 87' lang='lat' dir='ltr'>bominum</span> <span class='ocrx_word' id='word_1_262' title='bbox 1702 414 1736 446; x_wconf 87' lang='lat' dir='ltr'>li-</span> 
     </span>
     <span class='ocr_line' id='line_1_52' title="bbox 997 467 1737 510; baseline -0.001 -10"><span class='ocrx_word' id='word_1_263' title='bbox 997 474 1066 500; x_wconf 87' lang='lat' dir='ltr'>ceat</span> <span class='ocrx_word' id='word_1_264' title='bbox 1087 468 1170 499; x_wconf 79' lang='lat' dir='ltr'>lianc</span> <span class='ocrx_word' id='word_1_265' title='bbox 1191 467 1340 510; x_wconf 78' lang='lat' dir='ltr'>paginam</span> <span class='ocrx_word' id='word_1_266' title='bbox 1359 472 1489 499; x_wconf 88' lang='lat' dir='ltr'>nostrae</span> <span class='ocrx_word' id='word_1_267' title='bbox 1508 467 1737 503; x_wconf 82' lang='lat' dir='ltr'>abdicationis,</span> 
     </span>
     <span class='ocr_line' id='line_1_53' title="bbox 997 518 1735 562; baseline -0.003 -11"><span class='ocrx_word' id='word_1_268' title='bbox 997 519 1232 559; x_wconf 84' lang='lat' dir='ltr'>abstractionis,</span> <span class='ocrx_word' id='word_1_269' title='bbox 1250 519 1500 562; x_wconf 85' lang='lat' dir='ltr'>suppressionis,</span> <span class='ocrx_word' id='word_1_270' title='bbox 1519 518 1735 557; x_wconf 81' lang='lat' dir='ltr'>extinctionis,</span> 
     </span>
     <span class='ocr_line' id='line_1_54' title="bbox 997 571 1737 611; baseline -0.003 -7"><span class='ocrx_word' id='word_1_271' title='bbox 997 572 1196 611; x_wconf 83' lang='lat' dir='ltr'>abolitionis,</span> <span class='ocrx_word' id='word_1_272' title='bbox 1222 582 1324 605; x_wconf 80' lang='lat' dir='ltr'>novae</span> <span class='ocrx_word' id='word_1_273' title='bbox 1350 571 1538 610; x_wconf 86' lang='lat' dir='ltr'>erectionis,</span> <span class='ocrx_word' id='word_1_274' title='bbox 1566 571 1737 603; x_wconf 88' lang='lat' dir='ltr'>institutio-</span> 
     </span>
     <span class='ocr_line' id='line_1_55' title="bbox 997 623 1735 668; baseline -0.003 -11"><span class='ocrx_word' id='word_1_275' title='bbox 997 626 1056 664; x_wconf 77' lang='lat' dir='ltr'>nis,</span> <span class='ocrx_word' id='word_1_276' title='bbox 1083 625 1331 668; x_wconf 84' lang='lat' dir='ltr'>applicationis,</span> <span class='ocrx_word' id='word_1_277' title='bbox 1365 624 1550 667; x_wconf 77' lang='lat' dir='ltr'>praecepti,</span> <span class='ocrx_word' id='word_1_278' title='bbox 1578 623 1735 662; x_wconf 84' lang='lat' dir='ltr'>mandati,</span> 
     </span>
     <span class='ocr_line' id='line_1_56' title="bbox 997 676 1735 721; baseline -0.004 -10"><span class='ocrx_word' id='word_1_279' title='bbox 997 678 1222 721; x_wconf 83' lang='lat' dir='ltr'>exemptionis,</span> <span class='ocrx_word' id='word_1_280' title='bbox 1248 678 1467 714; x_wconf 76' lang='lat' dir='ltr'>subiectionis,</span> <span class='ocrx_word' id='word_1_281' title='bbox 1485 676 1735 720; x_wconf 80' lang='lat' dir='ltr'>suppositionis,</span> 
     </span>
     <span class='ocr_line' id='line_1_57' title="bbox 996 729 1738 772; baseline -0.004 -9"><span class='ocrx_word' id='word_1_282' title='bbox 996 731 1128 769; x_wconf 88' lang='lat' dir='ltr'>decreti,</span> <span class='ocrx_word' id='word_1_283' title='bbox 1148 730 1370 772; x_wconf 80' lang='lat' dir='ltr'>derogationis</span> <span class='ocrx_word' id='word_1_284' title='bbox 1390 736 1421 762; x_wconf 89' lang='lat' dir='ltr'>et</span> <span class='ocrx_word' id='word_1_285' title='bbox 1436 730 1608 762; x_wconf 82' lang='lat' dir='ltr'>voluntatis</span> <span class='ocrx_word' id='word_1_286' title='bbox 1626 729 1738 761; x_wconf 80' lang='lat' dir='ltr'>infrin-</span> 
     </span>
     <span class='ocr_line' id='line_1_58' title="bbox 996 782 1733 826; baseline -0.004 -10"><span class='ocrx_word' id='word_1_287' title='bbox 996 794 1091 826; x_wconf 82' lang='lat' dir='ltr'>gere,</span> <span class='ocrx_word' id='word_1_288' title='bbox 1118 784 1166 816; x_wconf 81' lang='lat' dir='ltr'>vel</span> <span class='ocrx_word' id='word_1_289' title='bbox 1190 783 1217 815; x_wconf 94' lang='lat' dir='ltr'>ei</span> <span class='ocrx_word' id='word_1_290' title='bbox 1243 793 1320 815; x_wconf 87' lang='lat' dir='ltr'>ausu</span> <span class='ocrx_word' id='word_1_291' title='bbox 1348 783 1521 815; x_wconf 88' lang='lat' dir='ltr'>temerario</span> <span class='ocrx_word' id='word_1_292' title='bbox 1547 782 1733 821; x_wconf 84' lang='lat' dir='ltr'>contraire·,</span> 
     </span>
     <span class='ocr_line' id='line_1_59' title="bbox 996 836 1735 879; baseline -0.005 -10"><span class='ocrx_word' id='word_1_293' title='bbox 996 837 1021 869; x_wconf 91' lang='lat' dir='ltr'>si</span> <span class='ocrx_word' id='word_1_294' title='bbox 1051 836 1124 879; x_wconf 79' lang='lat' dir='ltr'>quis</span> <span class='ocrx_word' id='word_1_295' title='bbox 1155 840 1260 867; x_wconf 87' lang='lat' dir='ltr'>autem</span> <span class='ocrx_word' id='word_1_296' title='bbox 1287 836 1349 868; x_wconf 92' lang='lat' dir='ltr'>boc</span> <span class='ocrx_word' id='word_1_297' title='bbox 1381 840 1540 867; x_wconf 89' lang='lat' dir='ltr'>attentare</span> <span class='ocrx_word' id='word_1_298' title='bbox 1566 844 1735 877; x_wconf 72' lang='lat' dir='ltr'>praesum-</span> 
     </span>
     <span class='ocr_line' id='line_1_60' title="bbox 996 886 1736 932; baseline -0.003 -12"><span class='ocrx_word' id='word_1_299' title='bbox 996 891 1113 932; x_wconf 81' lang='lat' dir='ltr'>pserit,</span> <span class='ocrx_word' id='word_1_300' title='bbox 1139 888 1395 930; x_wconf 79' lang='lat' dir='ltr'>indignationem</span> <span class='ocrx_word' id='word_1_301' title='bbox 1423 887 1656 930; x_wconf 88' lang='lat' dir='ltr'>omnipotentis</span> <span class='ocrx_word' id='word_1_302' title='bbox 1682 886 1736 918; x_wconf 79' lang='lat' dir='ltr'>Dei</span> 
     </span>
     <span class='ocr_line' id='line_1_61' title="bbox 997 940 1736 982; baseline -0.005 -8"><span class='ocrx_word' id='word_1_303' title='bbox 997 952 1032 974; x_wconf 89' lang='lat' dir='ltr'>ac</span> <span class='ocrx_word' id='word_1_304' title='bbox 1056 941 1225 973; x_wconf 84' lang='lat' dir='ltr'>beatorum</span> <span class='ocrx_word' id='word_1_305' title='bbox 1245 940 1329 972; x_wconf 84' lang='lat' dir='ltr'>Petri</span> <span class='ocrx_word' id='word_1_306' title='bbox 1351 946 1383 972; x_wconf 90' lang='lat' dir='ltr'>et</span> <span class='ocrx_word' id='word_1_307' title='bbox 1400 940 1486 972; x_wconf 86' lang='lat' dir='ltr'>Pauli</span> <span class='ocrx_word' id='word_1_308' title='bbox 1513 940 1736 982; x_wconf 84' lang='lat' dir='ltr'>apostolorum</span> 
     </span>
     <span class='ocr_line' id='line_1_62' title="bbox 997 992 1501 1027; baseline -0.004 0"><span class='ocrx_word' id='word_1_309' title='bbox 997 994 1065 1027; x_wconf 91' lang='lat' dir='ltr'>cius</span> <span class='ocrx_word' id='word_1_310' title='bbox 1083 1004 1115 1026; x_wconf 86' lang='lat' dir='ltr'>se</span> <span class='ocrx_word' id='word_1_311' title='bbox 1134 993 1261 1026; x_wconf 71' lang='lat' dir='ltr'>noverit</span> <span class='ocrx_word' id='word_1_312' title='bbox 1284 992 1501 1025; x_wconf 87' lang='lat' dir='ltr'>incursurum.</span> 
     </span>
    </p>

    <p class='ocr_par' dir='ltr' id='par_1_7' title="bbox 997 1045 1737 1240">
     <span class='ocr_line' id='line_1_63' title="bbox 1040 1045 1737 1089; baseline -0.004 -9"><span class='ocrx_word' id='word_1_313' title='bbox 1040 1048 1154 1080; x_wconf 80' lang='lat' dir='ltr'>Datum</span> <span class='ocrx_word' id='word_1_314' title='bbox 1181 1046 1315 1085; x_wconf 79' lang='lat' dir='ltr'>Romae,</span> <span class='ocrx_word' id='word_1_315' title='bbox 1344 1046 1428 1089; x_wconf 92' lang='lat' dir='ltr'>apud</span> <span class='ocrx_word' id='word_1_316' title='bbox 1455 1046 1486 1078; x_wconf 84' lang='lat' dir='ltr'>S.</span> <span class='ocrx_word' id='word_1_317' title='bbox 1514 1045 1662 1083; x_wconf 76' lang='lat' dir='ltr'>Petrum,</span> <span class='ocrx_word' id='word_1_318' title='bbox 1681 1056 1737 1078; x_wconf 86' lang='lat' dir='ltr'>an-</span> 
     </span>
     <span class='ocr_line' id='line_1_64' title="bbox 997 1100 1736 1136; baseline -0.004 -2"><span class='ocrx_word' id='word_1_319' title='bbox 997 1112 1038 1134; x_wconf 91' lang='lat' dir='ltr'>no</span> <span class='ocrx_word' id='word_1_320' title='bbox 1064 1100 1298 1134; x_wconf 85' lang='lat' dir='ltr'>lucarnationis</span> <span class='ocrx_word' id='word_1_321' title='bbox 1323 1100 1506 1133; x_wconf 85' lang='lat' dir='ltr'>dominicae</span> <span class='ocrx_word' id='word_1_322' title='bbox 1531 1109 1736 1136; x_wconf 75' lang='lat' dir='ltr'>uoccxxvui,</span> 
     </span>
     <span class='ocr_line' id='line_1_65' title="bbox 998 1151 1736 1196; baseline -0.005 -9"><span class='ocrx_word' id='word_1_323' title='bbox 998 1154 1093 1187; x_wconf 85' lang='lat' dir='ltr'>nonis</span> <span class='ocrx_word' id='word_1_324' title='bbox 1134 1153 1341 1193; x_wconf 68' lang='lat' dir='ltr'>decembris,</span> <span class='ocrx_word' id='word_1_325' title='bbox 1384 1151 1592 1196; x_wconf 76' lang='lat' dir='ltr'>pontificatus</span> <span class='ocrx_word' id='word_1_326' title='bbox 1632 1152 1736 1183; x_wconf 90' lang='lat' dir='ltr'>nostri</span> 
     </span>
     <span class='ocr_line' id='line_1_66' title="bbox 998 1217 1140 1240; baseline 0 -1"><span class='ocrx_word' id='word_1_327' title='bbox 998 1218 1082 1240; x_wconf 89' lang='lat' dir='ltr'>anno</span> <span class='ocrx_word' id='word_1_328' title='bbox 1109 1217 1140 1240; x_wconf 84' lang='lat' dir='ltr'>v.</span> 
     </span>
    </p>

    <p class='ocr_par' dir='ltr' id='par_1_8' title="bbox 1034 1267 1736 1303">
     <span class='ocr_line' id='line_1_67' title="bbox 1034 1267 1736 1303; baseline -0.007 -7"><span class='ocrx_word' id='word_1_329' title='bbox 1034 1269 1091 1296; x_wconf 86' lang='lat' dir='ltr'>Dat.</span> <span class='ocrx_word' id='word_1_330' title='bbox 1114 1269 1157 1295; x_wconf 87' lang='lat' dir='ltr'>die</span> <span class='ocrx_word' id='word_1_331' title='bbox 1178 1269 1193 1296; x_wconf 85' lang='lat'><strong>3</strong></span> <span class='ocrx_word' id='word_1_332' title='bbox 1213 1268 1371 1295; x_wconf 76' lang='lat' dir='ltr'>novembris</span> <span class='ocrx_word' id='word_1_333' title='bbox 1398 1268 1478 1300; x_wconf 71' lang='lat'>1728,</span> <span class='ocrx_word' id='word_1_334' title='bbox 1502 1267 1597 1303; x_wconf 78' lang='lat' dir='ltr'>pontit.</span> <span class='ocrx_word' id='word_1_335' title='bbox 1620 1274 1689 1293; x_wconf 89' lang='lat' dir='ltr'>anno</span> <span class='ocrx_word' id='word_1_336' title='bbox 1711 1273 1736 1292; x_wconf 76' lang='lat' dir='ltr'>v.</span> 
     </span>
    </p>
   </div>
   <div class='ocr_carea' id='block_1_6' title="bbox 1299 1334 1471 1338">
    <p class='ocr_par' dir='ltr' id='par_1_9' title="bbox 1299 1334 1471 1338">
     <span class='ocr_line' id='line_1_68' title="bbox 1299 1334 1471 1338; baseline 0 0"><span class='ocrx_word' id='word_1_337' title='bbox 1299 1334 1471 1338; x_wconf 95' lang='lat' dir='ltr'> </span> 
     </span>
    </p>
   </div>
   <div class='ocr_carea' id='block_1_7' title="bbox 999 1411 1741 1533">
    <p class='ocr_par' dir='ltr' id='par_1_10' title="bbox 999 1411 1741 1533">
     <span class='ocr_line' id='line_1_69' title="bbox 1300 1411 1434 1445; baseline -0.015 -1"><span class='ocrx_word' id='word_1_338' title='bbox 1300 1411 1434 1445; x_wconf 75' lang='lat' dir='ltr'>CCXLV.</span> 
     </span>
     <span class='ocr_line' id='line_1_70' title="bbox 999 1489 1741 1533; baseline -0.003 -10"><span class='ocrx_word' id='word_1_339' title='bbox 999 1491 1151 1533; x_wconf 60' lang='lat' dir='ltr'>Erigitur</span> <span class='ocrx_word' id='word_1_340' title='bbox 1176 1491 1316 1533; x_wconf 71' lang='lat' dir='ltr'>i&#39;nsi&#39;quis</span> <span class='ocrx_word' id='word_1_341' title='bbox 1348 1490 1519 1533; x_wconf 70' lang='lat' dir='ltr'>colleyi&#39;uta</span> <span class='ocrx_word' id='word_1_342' title='bbox 1554 1495 1657 1522; x_wconf 73' lang='lat' dir='ltr'>terrae</span> <span class='ocrx_word' id='word_1_343' title='bbox 1681 1489 1741 1522; x_wconf 79' lang='lat' dir='ltr'>Fa-</span> 
     </span>
    </p>
   </div>
   <div class='ocr_carea' id='block_1_8' title="bbox 1042 1543 1742 1629">
    <p class='ocr_par' dir='ltr' id='par_1_11' title="bbox 1042 1543 1742 1629">
     <span class='ocr_line' id='line_1_71' title="bbox 1044 1543 1742 1585; baseline -0.004 -9"><span class='ocrx_word' id='word_1_344' title='bbox 1044 1544 1155 1576; x_wconf 55' lang='grc' dir='ltr'>1111αηί</span> <span class='ocrx_word' id='word_1_345' title='bbox 1180 1545 1213 1575; x_wconf 80' lang='lat' dir='ltr'>in</span> <span class='ocrx_word' id='word_1_346' title='bbox 1240 1543 1470 1582; x_wconf 72' lang='lat' dir='ltr'>cathedralem,</span> <span class='ocrx_word' id='word_1_347' title='bbox 1488 1553 1524 1575; x_wconf 73' lang='lat' dir='ltr'>cte</span> <span class='ocrx_word' id='word_1_348' title='bbox 1547 1547 1632 1574; x_wconf 80' lang='lat' dir='ltr'>terra</span> <span class='ocrx_word' id='word_1_349' title='bbox 1648 1552 1742 1585; x_wconf 82' lang='lat' dir='ltr'>prae-</span> 
     </span>
     <span class='ocr_line' id='line_1_72' title="bbox 1042 1596 1417 1629; baseline -0.003 0"><span class='ocrx_word' id='word_1_350' title='bbox 1042 1597 1130 1629; x_wconf 77' lang='lat' dir='ltr'>dicta</span> <span class='ocrx_word' id='word_1_351' title='bbox 1156 1597 1189 1628; x_wconf 73' lang='lat' dir='ltr'>in</span> <span class='ocrx_word' id='word_1_352' title='bbox 1216 1597 1377 1629; x_wconf 70' lang='lat' dir='ltr'>civilatem</span> <span class='ocrx_word' id='word_1_353' title='bbox 1397 1596 1417 1628; x_wconf 87' lang='lat'>¹.</span> 
     </span>
    </p>
   </div>
   <div class='ocr_carea' id='block_1_9' title="bbox 1204 1676 1530 1748">
    <p class='ocr_par' dir='ltr' id='par_1_12' title="bbox 1204 1676 1530 1748">
     <span class='ocr_line' id='line_1_73' title="bbox 1226 1676 1515 1708; baseline 0 -6"><span class='ocrx_word' id='word_1_354' title='bbox 1226 1676 1405 1703; x_wconf 77' lang='lat' dir='ltr'>Benedictus</span> <span class='ocrx_word' id='word_1_355' title='bbox 1431 1676 1515 1708; x_wconf 82' lang='lat' dir='ltr'>xm,</span> 
     </span>
     <span class='ocr_line' id='line_1_74' title="bbox 1204 1720 1530 1748; baseline -0.003 -1"><span class='ocrx_word' id='word_1_356' title='bbox 1204 1720 1341 1748; x_wconf 80' lang='lat' dir='ltr'>Pontifex</span> <span class='ocrx_word' id='word_1_357' title='bbox 1372 1720 1530 1747; x_wconf 82' lang='lat' dir='ltr'>maximus.</span> 
     </span>
    </p>
   </div>
   <div class='ocr_carea' id='block_1_10' title="bbox 998 1789 1744 2521">
    <p class='ocr_par' dir='ltr' id='par_1_13' title="bbox 998 1789 1744 2362">
     <span class='ocr_line' id='line_1_75' title="bbox 1042 1789 1740 1823; baseline -0.004 0"><span class='ocrx_word' id='word_1_358' title='bbox 1042 1790 1195 1823; x_wconf 85' lang='lat' dir='ltr'>Notoriae</span> <span class='ocrx_word' id='word_1_359' title='bbox 1229 1796 1303 1822; x_wconf 88' lang='lat' dir='ltr'>sunt</span> <span class='ocrx_word' id='word_1_360' title='bbox 1342 1789 1599 1822; x_wconf 73' lang='lat' dir='ltr'>fraternitatibus</span> <span class='ocrx_word' id='word_1_361' title='bbox 1627 1789 1740 1821; x_wconf 84' lang='lat' dir='ltr'>vestris</span> 
     </span>
     <span class='ocr_line' id='line_1_76' title="bbox 999 1843 1742 1886; baseline -0.004 -9"><span class='ocrx_word' id='word_1_362' title='bbox 999 1855 1075 1877; x_wconf 91' lang='lat' dir='ltr'>sane</span> <span class='ocrx_word' id='word_1_363' title='bbox 1101 1850 1289 1886; x_wconf 86' lang='lat' dir='ltr'>compertae</span> <span class='ocrx_word' id='word_1_364' title='bbox 1309 1843 1484 1886; x_wconf 84' lang='lat' dir='ltr'>qualitates</span> <span class='ocrx_word' id='word_1_365' title='bbox 1511 1848 1542 1875; x_wconf 86' lang='lat' dir='ltr'>et</span> <span class='ocrx_word' id='word_1_366' title='bbox 1566 1852 1742 1886; x_wconf 80' lang='lat' dir='ltr'>praeroga-</span> 
     </span>
     <span class='ocr_line' id='line_1_77' title="bbox 1002 1895 1741 1939; baseline -0.005 -9"><span class='ocrx_word' id='word_1_367' title='bbox 1002 1898 1098 1937; x_wconf 81' lang='lat' dir='ltr'>tivae,</span> <span class='ocrx_word' id='word_1_368' title='bbox 1126 1897 1243 1939; x_wconf 88' lang='lat' dir='ltr'>quibus</span> <span class='ocrx_word' id='word_1_369' title='bbox 1269 1901 1356 1928; x_wconf 87' lang='lat' dir='ltr'>terra</span> <span class='ocrx_word' id='word_1_370' title='bbox 1386 1895 1536 1928; x_wconf 83' lang='lat' dir='ltr'>Fabriani</span> <span class='ocrx_word' id='word_1_371' title='bbox 1562 1895 1594 1927; x_wconf 89' lang='lat' dir='ltr'>in</span> <span class='ocrx_word' id='word_1_372' title='bbox 1622 1895 1741 1927; x_wconf 84' lang='lat' dir='ltr'>Piceno</span> 
     </span>
     <span class='ocr_line' id='line_1_78' title="bbox 999 1947 1743 1993; baseline -0.003 -11"><span class='ocrx_word' id='word_1_373' title='bbox 999 1950 1060 1982; x_wconf 85' lang='lat' dir='ltr'>sita</span> <span class='ocrx_word' id='word_1_374' title='bbox 1092 1950 1308 1993; x_wconf 75' lang='lat' dir='ltr'>praefulgeat.</span> <span class='ocrx_word' id='word_1_375' title='bbox 1348 1949 1430 1981; x_wconf 93' lang='lat' dir='ltr'>lIinc</span> <span class='ocrx_word' id='word_1_376' title='bbox 1466 1958 1546 1987; x_wconf 89' lang='lat' dir='ltr'>nos,</span> <span class='ocrx_word' id='word_1_377' title='bbox 1581 1947 1683 1980; x_wconf 77' lang='lat' dir='ltr'>enixis</span> <span class='ocrx_word' id='word_1_378' title='bbox 1712 1953 1743 1980; x_wconf 85' lang='lat' dir='ltr'>et</span> 
     </span>
     <span class='ocr_line' id='line_1_79' title="bbox 1000 2001 1742 2036; baseline -0.004 0"><span class='ocrx_word' id='word_1_379' title='bbox 1000 2003 1122 2036; x_wconf 86' lang='lat' dir='ltr'>iteratis</span> <span class='ocrx_word' id='word_1_380' title='bbox 1148 2003 1343 2035; x_wconf 86' lang='lat' dir='ltr'>dilectorum</span> <span class='ocrx_word' id='word_1_381' title='bbox 1371 2001 1512 2034; x_wconf 80' lang='lat' dir='ltr'>[iliorum</span> <span class='ocrx_word' id='word_1_382' title='bbox 1540 2001 1628 2034; x_wconf 88' lang='lat' dir='ltr'>illius</span> <span class='ocrx_word' id='word_1_383' title='bbox 1657 2010 1742 2033; x_wconf 76' lang='lat' dir='ltr'>com-</span> 
     </span>
     <span class='ocr_line' id='line_1_80' title="bbox 998 2053 1740 2098; baseline -0.004 -9"><span class='ocrx_word' id='word_1_384' title='bbox 998 2056 1164 2089; x_wconf 88' lang='lat' dir='ltr'>munitatis</span> <span class='ocrx_word' id='word_1_385' title='bbox 1184 2061 1215 2088; x_wconf 85' lang='lat' dir='ltr'>et</span> <span class='ocrx_word' id='word_1_386' title='bbox 1233 2055 1346 2098; x_wconf 90' lang='lat' dir='ltr'>populi</span> <span class='ocrx_word' id='word_1_387' title='bbox 1373 2055 1412 2087; x_wconf 89' lang='lat' dir='ltr'>de</span> <span class='ocrx_word' id='word_1_388' title='bbox 1438 2055 1499 2087; x_wconf 88' lang='lat' dir='ltr'>bac</span> <span class='ocrx_word' id='word_1_389' title='bbox 1519 2054 1635 2087; x_wconf 67' lang='lat' dir='ltr'>Sancta</span> <span class='ocrx_word' id='word_1_390' title='bbox 1657 2053 1740 2087; x_wconf 82' lang='lat' dir='ltr'>Sede</span> 
     </span>
     <span class='ocr_line' id='line_1_81' title="bbox 1000 2107 1743 2150; baseline -0.007 -8"><span class='ocrx_word' id='word_1_391' title='bbox 1000 2120 1063 2142; x_wconf 91' lang='lat' dir='ltr'>non</span> <span class='ocrx_word' id='word_1_392' title='bbox 1090 2109 1188 2142; x_wconf 89' lang='lat' dir='ltr'>semel</span> <span class='ocrx_word' id='word_1_393' title='bbox 1220 2107 1413 2141; x_wconf 89' lang='lat' dir='ltr'>benemeriti</span> <span class='ocrx_word' id='word_1_394' title='bbox 1447 2107 1743 2150; x_wconf 87' lang='lat' dir='ltr'>supplicationibus</span> 
     </span>
     <span class='ocr_line' id='line_1_82' title="bbox 1000 2160 1743 2205; baseline -0.004 -10"><span class='ocrx_word' id='word_1_395' title='bbox 1000 2163 1171 2205; x_wconf 82' lang='lat' dir='ltr'>indulgere</span> <span class='ocrx_word' id='word_1_396' title='bbox 1199 2161 1381 2204; x_wconf 84' lang='lat' dir='ltr'>cupientes,</span> <span class='ocrx_word' id='word_1_397' title='bbox 1399 2161 1562 2202; x_wconf 79' lang='lat' dir='ltr'>insignem</span> <span class='ocrx_word' id='word_1_398' title='bbox 1587 2160 1743 2202; x_wconf 79' lang='lat' dir='ltr'>collegia-</span> 
     </span>
     <span class='ocr_line' id='line_1_83' title="bbox 1000 2213 1744 2254; baseline -0.005 -6"><span class='ocrx_word' id='word_1_399' title='bbox 1000 2221 1062 2248; x_wconf 91' lang='lat' dir='ltr'>tam</span> <span class='ocrx_word' id='word_1_400' title='bbox 1089 2215 1259 2248; x_wconf 83' lang='lat' dir='ltr'>eeclesiam</span> <span class='ocrx_word' id='word_1_401' title='bbox 1285 2214 1316 2246; x_wconf 83' lang='lat' dir='ltr'>S.</span> <span class='ocrx_word' id='word_1_402' title='bbox 1337 2214 1497 2254; x_wconf 74' lang='lat' dir='ltr'>Venantii,</span> <span class='ocrx_word' id='word_1_403' title='bbox 1520 2214 1551 2246; x_wconf 90' lang='lat' dir='ltr'>in</span> <span class='ocrx_word' id='word_1_404' title='bbox 1574 2213 1657 2246; x_wconf 75' lang='lat' dir='ltr'>dicta</span> <span class='ocrx_word' id='word_1_405' title='bbox 1679 2213 1744 2245; x_wconf 83' lang='lat' dir='ltr'>exi-</span> 
     </span>
     <span class='ocr_line' id='line_1_84' title="bbox 999 2266 1741 2309; baseline -0.004 -8"><span class='ocrx_word' id='word_1_406' title='bbox 999 2267 1190 2306; x_wconf 88' lang='lat' dir='ltr'>stentem‚in</span> <span class='ocrx_word' id='word_1_407' title='bbox 1206 2267 1485 2306; x_wconf 76' lang='lat' dir='ltr'>catliedralern,ac</span> <span class='ocrx_word' id='word_1_408' title='bbox 1502 2271 1621 2298; x_wconf 88' lang='lat' dir='ltr'>terram</span> <span class='ocrx_word' id='word_1_409' title='bbox 1637 2266 1741 2309; x_wconf 85' lang='lat' dir='ltr'>ipsam</span> 
     </span>
     <span class='ocr_line' id='line_1_85' title="bbox 1000 2319 1592 2362; baseline -0.002 -9"><span class='ocrx_word' id='word_1_410' title='bbox 1000 2321 1031 2353; x_wconf 91' lang='lat' dir='ltr'>in</span> <span class='ocrx_word' id='word_1_411' title='bbox 1050 2321 1211 2354; x_wconf 87' lang='lat' dir='ltr'>civitatem</span> <span class='ocrx_word' id='word_1_412' title='bbox 1230 2320 1357 2362; x_wconf 78' lang='lat' dir='ltr'>erigere</span> <span class='ocrx_word' id='word_1_413' title='bbox 1379 2319 1592 2352; x_wconf 88' lang='lat' dir='ltr'>intendimus.</span> 
     </span>
    </p>

    <p class='ocr_par' dir='ltr' id='par_1_14' title="bbox 1000 2371 1742 2521">
     <span class='ocr_line' id='line_1_86' title="bbox 1043 2371 1740 2415; baseline 0 -10"><span class='ocrx_word' id='word_1_414' title='bbox 1043 2373 1102 2415; x_wconf 52' lang='lat' dir='ltr'>§AE</span> <span class='ocrx_word' id='word_1_415' title='bbox 1117 2373 1311 2405; x_wconf 84' lang='lat' dir='ltr'>Fabrianum</span> <span class='ocrx_word' id='word_1_416' title='bbox 1327 2372 1438 2405; x_wconf 81' lang='lat' dir='ltr'>Piceni</span> <span class='ocrx_word' id='word_1_417' title='bbox 1452 2372 1608 2415; x_wconf 88' lang='lat' dir='ltr'>oppidum</span> <span class='ocrx_word' id='word_1_418' title='bbox 1619 2399 1626 2412; x_wconf 89' lang='lat'>,</span> <span class='ocrx_word' id='word_1_419' title='bbox 1642 2371 1740 2405; x_wconf 63' lang='lat' dir='ltr'>Terin</span> 
     </span>
     <span class='ocr_line' id='line_1_87' title="bbox 1000 2424 1741 2468; baseline -0.003 -10"><span class='ocrx_word' id='word_1_420' title='bbox 1000 2430 1240 2468; x_wconf 86' lang='lat' dir='ltr'>nuncupatum,</span> <span class='ocrx_word' id='word_1_421' title='bbox 1268 2425 1365 2457; x_wconf 87' lang='lat' dir='ltr'>situm</span> <span class='ocrx_word' id='word_1_422' title='bbox 1392 2429 1441 2459; x_wconf 88' lang='lat' dir='ltr'>est</span> <span class='ocrx_word' id='word_1_423' title='bbox 1465 2425 1496 2457; x_wconf 92' lang='lat' dir='ltr'>in</span> <span class='ocrx_word' id='word_1_424' title='bbox 1522 2424 1666 2457; x_wconf 90' lang='lat' dir='ltr'>dioecesi</span> <span class='ocrx_word' id='word_1_425' title='bbox 1686 2424 1741 2457; x_wconf 90' lang='lat' dir='ltr'>Ca-</span> 
     </span>
     <span class='ocr_line' id='line_1_88' title="bbox 1001 2477 1742 2521; baseline -0.003 -10"><span class='ocrx_word' id='word_1_426' title='bbox 1001 2478 1188 2518; x_wconf 89' lang='lat' dir='ltr'>merinensi,</span> <span class='ocrx_word' id='word_1_427' title='bbox 1208 2483 1239 2510; x_wconf 87' lang='lat' dir='ltr'>et</span> <span class='ocrx_word' id='word_1_428' title='bbox 1256 2483 1381 2521; x_wconf 87' lang='lat' dir='ltr'>septem</span> <span class='ocrx_word' id='word_1_429' title='bbox 1402 2478 1492 2511; x_wconf 89' lang='lat' dir='ltr'>mille</span> <span class='ocrx_word' id='word_1_430' title='bbox 1511 2478 1640 2510; x_wconf 90' lang='lat' dir='ltr'>circiter</span> <span class='ocrx_word' id='word_1_431' title='bbox 1657 2477 1742 2510; x_wconf 81' lang='lat' dir='ltr'>cliri-</span> 
     </span>
    </p>
   </div>
   <div class='ocr_carea' id='block_1_11' title="bbox 998 2556 1741 2675">
    <p class='ocr_par' dir='ltr' id='par_1_15' title="bbox 998 2556 1741 2675">
     <span class='ocr_line' id='line_1_89' title="bbox 1034 2556 1739 2589; baseline -0.003 -5"><span class='ocrx_word' id='word_1_432' title='bbox 1034 2558 1046 2584; x_wconf 85' lang='grc'>1</span> <span class='ocrx_word' id='word_1_433' title='bbox 1070 2557 1126 2584; x_wconf 76' lang='lat' dir='ltr'>Alia</span> <span class='ocrx_word' id='word_1_434' title='bbox 1146 2557 1226 2584; x_wconf 81' lang='lat' dir='ltr'>liuius</span> <span class='ocrx_word' id='word_1_435' title='bbox 1243 2557 1382 2584; x_wconf 85' lang='lat' dir='ltr'>Pontificis</span> <span class='ocrx_word' id='word_1_436' title='bbox 1403 2561 1489 2584; x_wconf 87' lang='lat' dir='ltr'>const.</span> <span class='ocrx_word' id='word_1_437' title='bbox 1511 2556 1554 2584; x_wconf 84' lang='lat' dir='ltr'>ed.</span> <span class='ocrx_word' id='word_1_438' title='bbox 1575 2563 1739 2589; x_wconf 72' lang='lat' dir='ltr'>nnccxxviu,</span> 
     </span>
     <span class='ocr_line' id='line_1_90' title="bbox 998 2601 1741 2637; baseline -0.003 -8"><span class='ocrx_word' id='word_1_439' title='bbox 998 2602 1040 2629; x_wconf 88' lang='lat' dir='ltr'>die</span> <span class='ocrx_word' id='word_1_440' title='bbox 1060 2608 1143 2629; x_wconf 70' lang='lat' dir='ltr'>xxviii</span> <span class='ocrx_word' id='word_1_441' title='bbox 1172 2601 1256 2633; x_wconf 81' lang='lat' dir='ltr'>maii,</span> <span class='ocrx_word' id='word_1_442' title='bbox 1280 2601 1374 2637; x_wconf 82' lang='lat' dir='ltr'>pontif.</span> <span class='ocrx_word' id='word_1_443' title='bbox 1397 2609 1443 2637; x_wconf 83' lang='lat' dir='ltr'>iv,</span> <span class='ocrx_word' id='word_1_444' title='bbox 1471 2605 1561 2630; x_wconf 84' lang='lat' dir='ltr'>erecta</span> <span class='ocrx_word' id='word_1_445' title='bbox 1589 2602 1639 2629; x_wconf 80' lang='lat' dir='ltr'>suit</span> <span class='ocrx_word' id='word_1_446' title='bbox 1669 2606 1741 2628; x_wconf 82' lang='lat' dir='ltr'>terra</span> 
     </span>
     <span class='ocr_line' id='line_1_91' title="bbox 999 2645 1380 2675; baseline -0.003 0"><span class='ocrx_word' id='word_1_447' title='bbox 999 2646 1166 2675; x_wconf 81' lang='lat' dir='ltr'>Roncilionis</span> <span class='ocrx_word' id='word_1_448' title='bbox 1186 2646 1211 2673; x_wconf 90' lang='lat' dir='ltr'>in</span> <span class='ocrx_word' id='word_1_449' title='bbox 1233 2645 1380 2674; x_wconf 75' lang='lat' dir='ltr'>civitatem.</span> 
     </span>
    </p>
   </div>
   <div class='ocr_carea' id='block_1_12' title="bbox 1746 258 1931 288">
    <p class='ocr_par' dir='ltr' id='par_1_16' title="bbox 1746 258 1931 288">
     <span class='ocr_line' id='line_1_92' title="bbox 1746 258 1931 288; baseline 0.022 -4"><span class='ocrx_word' id='word_1_450' title='bbox 1746 258 1794 285; x_wconf 73' lang='lat' dir='ltr'>An.</span> <span class='ocrx_word' id='word_1_451' title='bbox 1812 259 1839 286; x_wconf 91' lang='lat' dir='ltr'>C.</span> <span class='ocrx_word' id='word_1_452' title='bbox 1865 260 1931 288; x_wconf 65' lang='lat'>¹728</span> 
     </span>
    </p>
   </div>
   <div class='ocr_carea' id='block_1_13' title="bbox 1749 427 1932 474">
    <p class='ocr_par' dir='ltr' id='par_1_17' title="bbox 1749 427 1932 474">
     <span class='ocr_line' id='line_1_93' title="bbox 1750 427 1932 448; baseline 0.022 -4"><span class='ocrx_word' id='word_1_453' title='bbox 1750 427 1831 445; x_wconf 67' lang='lat' dir='ltr'>t&#39;uonm·</span> <span class='ocrx_word' id='word_1_454' title='bbox 1849 428 1867 446; x_wconf 79' lang='lat' dir='ltr'>in</span> <span class='ocrx_word' id='word_1_455' title='bbox 1884 434 1932 448; x_wconf 65' lang='lat' dir='ltr'>‹wui-</span> 
     </span>
     <span class='ocr_line' id='line_1_94' title="bbox 1749 455 1898 474; baseline 0.02 -3"><span class='ocrx_word' id='word_1_456' title='bbox 1749 455 1836 472; x_wconf 68' lang='lat' dir='ltr'>tiareniz</span> <span class='ocrx_word' id='word_1_457' title='bbox 1846 458 1898 474; x_wconf 64' lang='lat' dir='ltr'>ntes.</span> 
     </span>
    </p>
   </div>
   <div class='ocr_carea' id='block_1_14' title="bbox 1781 1797 1899 1816">
    <p class='ocr_par' dir='ltr' id='par_1_18' title="bbox 1781 1797 1899 1816">
     <span class='ocr_line' id='line_1_95' title="bbox 1781 1797 1899 1816; baseline 0 0"><span class='ocrx_word' id='word_1_458' title='bbox 1781 1797 1828 1816; x_wconf 69' lang='lat' dir='ltr'>[mi</span> <span class='ocrx_word' id='word_1_459' title='bbox 1841 1797 1899 1816; x_wconf 68' lang='grc'>11111114</span> 
     </span>
    </p>
   </div>
   <div class='ocr_carea' id='block_1_15' title="bbox 1751 2377 1935 2450">
    <p class='ocr_par' dir='ltr' id='par_1_19' title="bbox 1751 2377 1935 2450">
     <span class='ocr_line' id='line_1_96' title="bbox 1778 2377 1934 2402; baseline -0.006 -5"><span class='ocrx_word' id='word_1_460' title='bbox 1778 2377 1851 2402; x_wconf 65' lang='lat' dir='ltr'>Elagia</span> <span class='ocrx_word' id='word_1_461' title='bbox 1865 2379 1934 2397; x_wconf 69' lang='lat' dir='ltr'>terrae</span> 
     </span>
     <span class='ocr_line' id='line_1_97' title="bbox 1751 2403 1935 2423; baseline 0 0"><span class='ocrx_word' id='word_1_462' title='bbox 1751 2403 1850 2423; x_wconf 55' lang='lat' dir='ltr'>Palmam</span> <span class='ocrx_word' id='word_1_463' title='bbox 1867 2409 1887 2423; x_wconf 84' lang='lat' dir='ltr'>tn</span> <span class='ocrx_word' id='word_1_464' title='bbox 1901 2404 1935 2423; x_wconf 79' lang='grc'>1’1-</span> 
     </span>
     <span class='ocr_line' id='line_1_98' title="bbox 1751 2435 1813 2450; baseline 0 0"><span class='ocrx_word' id='word_1_465' title='bbox 1751 2435 1813 2450; x_wconf 76' lang='lat' dir='ltr'>ceno.</span> 
     </span>
    </p>
   </div>
  </div>
 </body>
</html>
