2170 3147
199 216 247 242 An.
269 214 297 242 c.
315 215 383 242 1726
430 206 494 240 486
980 215 1161 240 numinum
1186 215 1344 241 Romanum
1933 217 1982 246 An.
2003 201 2116 246 &1726

199 278 383 298 Sanctmimcnn-
438 265 452 306 ξ
478 265 505 296 5.
532 265 613 297 Hinc
639 263 756 307 Aloysii
783 263 902 307 ubique
925 264 1133 296 celeberrimi
1155 268 1157 311 Ι
1178 271 1421 298 antecessorum
1471 271 1657 299 nostrorum
1699 266 1921 300 Romanorum

200 306 382 350 if‘i‘stiuinssr‘sliii}
394 317 528 349 virtutes
554 322 584 349 ct
609 317 700 358 signa
732 315 882 349 omnibus
916 316 1015 348 ferme
1049 314 1157 356 chri-l
1180 318 1370 351 Pontificum
1399 319 1649 353 constitutiones
1676 325 1704 352 ct
1726 319 1758 352 S.
1775 320 1857 352 RE.
1876 319 1920 352 di-

198 358 506 404 1²221131'2'20“''¹'‘¹¹'suanis
544 369 748 412 principibus
789 369 873 410 apud
912 370 1132 412 Apostolicam
1178 372 1488 416 seiplinamagenda
1503 373 1919 415 erant,summareligione

392 422 507 455 Sedem
533 433 634 465 aeque
661 422 887 462 laudantibus,
914 433 1039 465 proque
1066 422 1134 455 eius
1179 426 1330 468 peractis,
1357 427 1416 459 liae
1442 427 1512 470 ipsa
1539 427 1589 459 die
1616 427 1647 459 in
1676 427 1837 460 honorem
1863 437 1918 460 an-

392 475 477 508 inter
503 481 631 508 sanctos
650 474 774 508 Domini
795 476 1000 508 consessores
1018 476 1133 509 adscri-
1154 502 1156 520 ,
1180 479 1355 512 lecessoris
1399 480 1500 513 nostri
1538 480 1683 512 Silvestri
1724 479 1921 513 confessoris

391 529 503 572 ptione
528 529 588 561 sub
616 528 769 571 proximis
788 529 1051 562 antecessoribus
1078 540 1134 561 no·
1154 530 1155 554 i
1178 538 1274 576 atque
1300 534 1462 577 pontificis
1487 535 1552 567 Deo
1577 535 1679 573 sacra,
1706 545 1779 566 eum
1805 532 1921 566 iamdi-

391 582 463 615 stris
489 582 642 615 Romanis
669 581 879 615 Pontificibus
904 582 1068 616 Clemente
1093 583 1131 615 Xl
1177 586 1235 618 ctis
1250 587 1491 620 venerabilibus
1507 587 1660 619 fratribus
1672 586 1790 619 nostris
1804 585 1916 619 S.R.E.

391 642 423 669 et
445 636 636 669 Innocentio
663 635 739 675 xm,
765 646 801 668 ac
820 636 916 669 etiam
940 636 1033 669 nobis
1055 636 1132 680 ipsis
1153 623 1155 685 l
1177 640 1405 678 cardinalibus,
1432 641 1639 684 patriarchis,
1660 640 1918 683 archiepiscopis

391 690 465 722 dum
492 690 522 722 in
549 689 730 722 minoribus
761 699 924 729 essemus,
961 690 1053 723 enixe
1081 690 1133 722 dc·
1154 695 1155 738 j
1177 698 1208 726 et
1234 694 1396 737 episcopis
1430 705 1466 727 ac
1490 694 1661 737 utriusque
1688 693 1766 727 cleri
1792 699 1824 727 et
1859 704 1919 737 po-

390 743 614 787 precantibus,
642 743 771 775 tandem
799 743 950 786 singulis,
983 754 1066 786 quae.
1093 743 1130 775 ad
1153 754 1155 777 t

391 797 564 830 novissima
590 801 834 830 autecessorum
860 803 1049 830 nostrorum
1077 797 1131 829 de—
1153 790 1155 830 ἶ

390 855 478 883 creta
515 850 643 893 impleri
682 850 869 890 debebant,
910 856 1060 884 accurate
1101 841 1154 895 et}

390 904 503 937 sedulo
529 904 690 946 impletis,
717 905 814 947 inque
841 910 1001 937 conventu
1036 914 1131 937 vene·
1153 935 1154 948 ,

389 958 538 991 rabitium
568 958 701 990 fratrum
736 964 920 1004 nostrorum
955 958 986 991 S.
1023 958 1058 990 R.
1094 949 1154 992 Ε,1

390 1012 602 1045 cardinalium
642 1014 705 1045 una
739 1018 1010 1055 congregatorum
1038 1022 1133 1054 repe-

390 1065 445 1097 tita
472 1066 615 1098 omnium
643 1076 768 1104 eorum,
798 1076 878 1108 qnae
900 1071 969 1098 acta
988 1065 1048 1098 iam
1068 1065 1132 1097 suc-
1152 1084 1154 1090 κ

390 1123 471 1158 rant,
487 1119 633 1151 absoluta
652 1118 794 1157 notione,
814 1120 976 1162 plenaque
991 1128 1026 1151 ex
1043 1118 1130 1150 omni

389 1179 480 1216 parte
499 1178 530 1205 et
548 1173 684 1205 iuridica
702 1173 918 1215 expositione,
943 1178 1006 1204 tum
1023 1172 1131 1214 quoad

390 1227 545 1259 miracula
571 1227 648 1259 olim
675 1227 772 1270 plene
799 1226 945 1259 discussa
965 1231 1059 1268 atque
1081 1235 1132 1268 ap-

389 1280 545 1323 probata,
573 1291 630 1312 nos
656 1280 805 1312 eumdem
833 1279 1015 1323 Aloysium,
1041 1278 1154 1321 cuius}

389 1344 507 1367 nomen
549 1334 689 1377 inclytae
726 1332 904 1366 memoriae
940 1327 1155 1365 antecessori

389 1386 538 1420 Clemens
557 1387 642 1430 Papa
659 1387 682 1419 X
704 1386 737 1419 in
764 1385 880 1419 tabulis
906 1384 1129 1429 martyrologii

389 1440 515 1473 romani
548 1439 800 1473 describendum
834 1443 1020 1478 curaverat,
1058 1449 1133 1471 san-

390 1499 514 1527 ctorum
541 1494 766 1527 consessorum
794 1492 883 1526 fastis
916 1493 1131 1525 adnumerare

391 1547 604 1580 decrevimus.
632 1547 742 1591 Itaque
774 1546 806 1579 in
838 1546 941 1579 tribus
975 1546 1133 1579 consisto-

390 1600 446 1633 riis
486 1607 518 1633 et
554 1600 703 1645 plenario
743 1604 902 1633 conventu
941 1599 1132 1632 eorumdem

389 1654 627 1687 venerabilium
654 1654 788 1687 fratrum
806 1658 993 1686 nostrorum
1014 1652 1129 1685 S.R.E.

390 1706 604 1740 cardinalium
629 1712 726 1751 atque
744 1706 839 1740 etiam
858 1706 1131 1750 patriarcharum,

390 1760 716 1804 archiepiscoporum
748 1765 781 1793 et
813 1760 1044 1803 episcoporum
1076 1769 1132 1791 no-

390 1814 512 1847 biscum
550 1815 672 1847 Romae
709 1813 933 1858 praesentium
970 1813 1130 1845 universis

391 1868 428 1900 ad
456 1878 527 1901 eum
553 1868 795 1911 pertinentibus
814 1878 873 1911 pro
894 1877 985 1900 more
1011 1866 1132 1899 discus-

391 1921 444 1960 sis,
471 1921 613 1954 unanimi
639 1928 768 1965 patrum
791 1921 952 1955 sententia
969 1930 1028 1964 per
1051 1920 1131 1962 Apo-

392 1974 525 2007 stolicae
565 1974 658 2008 Sedis
703 1974 851 2008 notarios
893 1984 1001 2007 coram
1038 1972 1132 2005 nobis

393 2029 536 2070 excepta,
564 2038 743 2071 regumque
770 2038 806 2060 ac
836 2027 1020 2072 principum
1047 2023 1136 2059 clu·i-'

392 2079 570 2113 stianorum
598 2087 630 2114 et
654 2081 824 2114 Societatis
849 2081 919 2113 lesu
952 2090 1012 2124 pro
1038 2079 1132 2112 beato
1153 2075 1154 2094 ³

393 2133 544 2177 Aloysio‚
571 2145 666 2177 quem
692 2134 813 2167 scholis
839 2134 986 2167 eiusdem
1022 2132 1154 2166 Socie-,

394 2186 465 2219 tatis
483 2193 652 2230 patronum
668 2188 855 2232 apostolicis
874 2187 992 2220 litteris
1012 2187 1132 2219 nostris

394 2241 517 2283 pridem
563 2242 802 2284 adsignavimus
819 2269 826 2282 ,
864 2242 897 2274 in
944 2245 1130 2273 sanctorum

393 2294 614 2327 consessorum
641 2305 797 2328 canonem
823 2295 995 2328 referendo
1022 2294 1154 2327 multiss

394 2346 544 2388 precibus
563 2347 667 2379 eidem
686 2354 814 2380 sanctae
834 2348 1038 2391 Apostolicac
1057 2347 1130 2380 Sedi
1152 2336 1154 2341 i

395 2398 553 2441 nobisque
579 2400 747 2442 porrectiS,
775 2407 847 2443 post
865 2405 969 2433 tantae
987 2400 1034 2433 rei
1060 2410 1132 2443 per-

395 2450 551 2484 ficiendae
570 2453 751 2486 solemnem
767 2453 851 2486 diem
873 2454 1040 2494 indictam,
1061 2464 1133 2497 per-

395 2515 456 2547 que
484 2505 663 2545 orationes,
698 2506 821 2539 ieiunia
853 2512 883 2539 et
908 2508 1132 2550 eleemosynas

394 2557 630 2600 omnipotentis
671 2557 725 2590 Dei
763 2569 856 2601 opem
898 2560 1132 2593 ferventissime

396 2611 612 2654 imploratam,
641 2611 781 2651 denium,
810 2613 959 2646 omuibus
986 2625 1067 2656 quae
1095 2614 1133 2647 ad

1177 747 1243 789 puli
1267 748 1449 791 frequentia
1477 748 1506 780 in
1532 751 1771 780 sacrosanctam
1807 746 1919 780 basili-

1176 810 1244 833 cam
1272 801 1433 844 Principis
1452 800 1681 844 Apostolorum
1707 801 1774 834 Deo
1795 799 1919 843 suppli-

1177 858 1287 886 cantes
1313 854 1542 894 convenimus,
1568 854 1634 893 ubi,
1661 854 1774 894 semel,
1800 853 1919 886 iterum

1177 912 1207 938 et
1234 907 1330 940 tertio
1349 918 1408 950 pro
1427 907 1483 940 Dei
1502 918 1594 940 servo
1618 907 1747 950 Aloysio
1768 906 1919 949 Gonzaga

1177 959 1296 993 clerico
1333 959 1505 993 Societatis
1534 961 1605 993 Iesu
1632 965 1815 993 sanctorum
1841 968 1920 992 con-

1177 1012 1333 1046 sessorum
1374 1014 1491 1046 canoni
1532 1013 1752 1047 adscribendo
1793 1012 1919 1046 iteratis

1177 1067 1329 1110 precibus
1355 1077 1414 1110 per
1451 1067 1603 1100 dilectum
1636 1066 1735 1100 silium
1771 1071 1918 1099 nostrum

1177 1121 1326 1153 Alvarum
1341 1120 1369 1153 S.
1388 1120 1423 1153 R.
1441 1120 1475 1153 E.
1505 1120 1589 1153 tituli
1615 1120 1645 1153 S.
1675 1118 1917 1153 Bartholomaei

1177 1173 1207 1205 in
1233 1173 1339 1206 Insula
1360 1173 1586 1216 presbyterum
1609 1173 1806 1206 cardinalem
1828 1172 1919 1206 Cien-

1177 1227 1288 1269 sucgos
1306 1232 1538 1269 nuncupatum,
1560 1232 1635 1270 post
1653 1231 1797 1259 cantatas
1812 1235 1918 1258 sacras

1175 1280 1343 1313 orationes
1369 1285 1400 1312 et
1424 1279 1563 1323 Spiritus
1581 1279 1687 1312 Sancti
1711 1279 1845 1321 gratiam
1862 1278 1921 1311 hu-

1176 1333 1310 1366 millime
1337 1333 1529 1373 invocatam,
1550 1332 1588 1365 ad
1608 1333 1769 1365 honorem
1788 1336 1918 1365 sanctae

1176 1392 1208 1419 et
1232 1386 1418 1419 individuae
1444 1385 1620 1425 Trinitatis,
1646 1385 1718 1418 fidei
1739 1384 1918 1418 catholicae

1176 1440 1404 1473 exaltationem
1423 1467 1430 1479 ‚
1458 1445 1489 1472 et
1523 1438 1721 1472 christianae
1747 1437 1917 1481 religionis

1153 1495 1430 1539 'incrementuim
1457 1495 1651 1527 auctoritate
1684 1492 1918 1537 omnipotentis

1175 1548 1229 1581 Dei
1256 1548 1372 1587 Patris,
1399 1547 1470 1581 Filii
1507 1552 1537 1580 et
1562 1547 1702 1590 Spiritus
1734 1545 1862 1586 Sancti,
1887 1550 1919 1580 et

1175 1601 1345 1634 beatorum
1370 1601 1591 1645 apostolorum
1611 1600 1695 1634 Petri
1715 1605 1747 1633 et
1764 1600 1867 1640 Pauli,
1883 1607 1919 1632 ac

1154 1657 1294 1695 nostra,
1321 1655 1360 1688 de
1387 1654 1578 1688 eorumdem
1599 1653 1835 1687 venerabilium
1861 1652 1919 1685 sra-

1177 1714 1260 1740 trum
1287 1713 1474 1741 nostrorum
1510 1707 1541 1741 S.
1564 1707 1600 1739 tt.
1620 1707 1655 1739 E.
1684 1705 1916 1746 cardinalium,

1175 1761 1450 1805 patriarcharum,
1478 1759 1804 1803 archiepiscoporum
1831 1763 1863 1792 et
1887 1769 1919 1791 e-

1175 1814 1386 1858 piscoporum
1412 1813 1583 1846 nobiscum
1610 1812 1640 1844 in
1667 1811 1818 1855 plenario
1845 1821 1918 1844 con-

1175 1873 1274 1900 ventu
1299 1867 1453 1900 basilicae
1486 1867 1659 1899 Vaticanae
1692 1864 1917 1908 praesentium

1176 1921 1316 1954 consilio
1342 1926 1373 1954 et
1397 1919 1540 1952 unanimi
1578 1929 1753 1959 consensu,
1787 1919 1917 1951 beatum

1177 1974 1342 2018 Aloysium
1370 1973 1551 2015 Gonzagam
1573 1971 1745 2005 Societatis
1771 1971 1853 2011 lesn,
1879 1970 1917 2003 de

1176 2027 1265 2060 cuius
1291 2027 1474 2066 sanctitate,
1501 2025 1575 2059 fidei
1602 2025 1789 2059 sinceritate
1811 2029 1843 2058 et
1867 2035 1919 2058 ce-

1178 2086 1321 2114 terarum
1347 2081 1500 2113 virtutum
1535 2090 1570 2112 ac
1601 2079 1832 2112 miraculorum
1864 2087 1918 2111 ex-

1177 2134 1331 2168 cellentia
1368 2135 1466 2178 plene
1504 2134 1671 2166 constabat
1710 2138 1744 2166 et
1778 2136 1915 2172 constat,

1177 2190 1241 2221 una
1277 2199 1350 2220 cum
1386 2189 1484 2220 heato
1510 2187 1718 2220 adolescente
1754 2185 1916 2219 Stanislao

1175 2242 1295 2275 Kostka
1320 2241 1465 2274 eiusdem
1490 2240 1660 2273 Societatis
1684 2239 1756 2272 Iesu
1782 2237 1914 2277 novitio,

1176 2302 1361 2329 sanctorum
1388 2295 1613 2327 consessorum
1639 2304 1704 2327 non
1727 2292 1916 2336 pontificum

1176 2349 1291 2382 canoni
1318 2348 1566 2381 adscribendum
1593 2347 1792 2380 decrevimus
1818 2350 1850 2380 et
1867 2346 1918 2380 de-

1176 2403 1364 2443 finivimus,
1406 2406 1504 2445 prout
1540 2400 1762 2444 praesentium
1801 2405 1915 2432 tenore

1176 2456 1383 2488 decernimus
1399 2481 1406 2494 ,
1431 2454 1606 2487 delinimus
1633 2458 1664 2485 et
1689 2452 1916 2492 adscribimus,

1177 2509 1393 2552 eumdemque
1434 2518 1492 2551 per
1533 2516 1647 2540 omnes
1684 2504 1914 2538 christifideles

1177 2567 1342 2604 tamquam
1370 2571 1444 2594 vere
1478 2566 1623 2593 sanctum
1650 2557 1804 2592 honorari
1830 2568 1917 2591 man-

1178 2614 1321 2648 davimus
1348 2619 1378 2648 et
1404 2613 1602 2654 mandamus,
1629 2617 1807 2646 statuentes
1831 2617 1866 2646 ut
1883 2611 1917 2646 in
