2170 3147
24 183 75 212 An.
96 183 126 211 C.
147 183 218 210 ¹726

86 1303 202 1328 Derogano

15 1330 182 1352 contrariorum.

219 237 251 264 et
276 232 387 275 gratiis
413 232 565 276 prosequi
602 232 763 271 volentes,
790 230 822 264 et
846 242 959 264 eorum

217 285 397 327 singulares
423 294 580 327 personas
608 294 624 315 a
651 284 817 326 quibusvis
836 294 961 317 exeom-

217 336 454 375 municatffinis,
477 336 700 378 suspensionis
727 342 757 368 et
781 337 957 375 interdicti,

217 391 354 433 aliisque
370 388 598 422 ecelesiasticis
617 388 800 428 sententiis,
813 388 957 420 censuris

218 448 248 476 et
269 442 393 486 poenis,
418 453 435 474 a
461 442 531 474 inre
553 442 600 473 vel
626 441 665 472 ab
685 441 827 479 homine,
848 440 959 482 quavis

219 496 389 530 occasione
424 495 474 527 vel
509 496 604 526 causa
636 494 734 533 latis,
773 494 797 525 si
839 494 957 536 quibus

218 548 467 593 quomodolibet
506 546 679 578 innodatae
713 545 879 585 existunt,
918 547 957 578 ad

218 601 366 635 effectum
410 599 630 644 praesentium
674 604 796 631 tantum
846 609 958 631 eonsc-

217 654 395 698 quendum,
423 653 537 686 barum
575 651 659 684 serie
696 651 899 684 absolventes
925 656 958 683 et

217 706 380 739 absolutas
400 706 468 738 sore
488 710 672 744 censentes,
689 704 873 736 huiusmodi
886 714 957 747 sup-

216 758 448 803 plicationibus
477 757 643 797 inclinati,
678 757 799 790 litteras
829 762 955 789 nostras

215 811 410 855 praediCtas,
429 820 489 853 per
513 821 594 853 quas
617 809 775 842 tertiarias
800 809 957 841 secundo-

217 863 293 896 dicti
312 863 442 896 Ordinis
459 863 667 895 omnimodae
687 861 906 894 iurisdietioni
925 867 956 894 et

219 915 370 958 regimini
389 926 500 948 earum
518 914 658 947 ministri
677 914 836 956 generalis
855 913 956 946 subii-

215 969 365 1007 ciuntur,
390 968 428 1000 ad
456 968 616 1001 tertiarias
648 966 837 1010 primodicti
864 966 955 999 Ordi-

214 1020 274 1061 nis,
301 1021 494 1054 anetoritate
519 1021 708 1063 apostolica,
727 1025 839 1052 tenore
865 1029 956 1062 prae-

213 1073 378 1113 sentium,
406 1078 570 1116 perpetuo
603 1072 807 1106 extendimus
833 1077 865 1104 et
888 1082 955 1104 am-

212 1126 365 1171 pliamus,
385 1126 464 1159 itaut
483 1126 555 1159 illae
573 1125 691 1169 prioris
709 1125 872 1167 generalis
894 1135 952 1168 pro

213 1185 361 1224 tempore
383 1180 553 1213 existentis
575 1179 671 1212 huius
704 1178 832 1212 Ordinis
857 1189 952 1212 curae

214 1237 246 1266 et
270 1233 486 1276 superioritati
513 1233 680 1265 subiectae
715 1231 848 1265 omnino
875 1233 948 1265 sint.

257 1287 272 1330 ἓ
297 1285 328 1319 3.
356 1285 426 1319 Non
453 1285 661 1318 obstantibus
688 1285 890 1328 praemissis,
916 1297 952 1319 ae

214 1339 502 1373 constitutionibus
528 1344 559 1372 et
585 1338 847 1372 ordinationibus
875 1350 953 1383 apo-

212 1393 356 1432 stolicis,
378 1403 522 1432 necnon,
542 1397 703 1435 qnatenus
721 1402 801 1435 opus
819 1392 874 1432 sit,
892 1393 952 1436 pri-

211 1446 341 1479 modicti
357 1445 496 1485 Ordinis,
512 1446 609 1478 etiam
626 1445 819 1487 iuramento⁷
838 1446 953 1479 confir-

211 1499 357 1532 matione
376 1499 573 1542 apostolica,
601 1503 654 1531 aut
671 1498 782 1542 quavis
803 1497 952 1532 firmitate

211 1553 276 1586 alia
285 1552 458 1592 roboratis,
473 1552 600 1585 statutis
610 1552 951 1592 eticonsnetudinibus,

210 1605 392 1649 privilegiis
418 1615 568 1648 quoque,
602 1605 736 1638 indultis
773 1611 805 1638 et
837 1606 952 1639 litteris

212 1658 401 1702 apostolicis
430 1658 462 1690 in
481 1658 679 1691 contrarium
698 1659 951 1702 praemissorum

212 1711 460 1755 quomodolibet
492 1712 654 1745 concessis
692 1712 890 1745 confirmatis
923 1718 953 1747 et

210 1764 373 1797 innovatis
394 1776 401 1805 ;
429 1765 546 1807 quibus
575 1765 725 1798 omnibus
750 1771 782 1798 et.
803 1767 950 1809 singulis,

211 1818 344 1852 illorum
372 1823 500 1851 tenores
529 1819 756 1861 praesentibus
774 1830 833 1862 pro
855 1821 951 1863 plene

211 1876 244 1905 et
278 1871 480 1904 sufficienter
505 1872 669 1915 expressis
707 1883 742 1904 ae
779 1873 817 1905 de
850 1874 951 1906 verbo

211 1925 252 1958 ad
276 1925 409 1958 verbum
431 1925 560 1958 insertis
587 1925 756 1966 habentes,
783 1927 848 1959 illis
873 1927 952 1960 alias

211 1978 245 2011 in
270 1988 328 2011 suo
355 1978 474 2011 robore
510 1979 752 2020 permansuris,
783 1979 821 2012 ad
859 1990 952 2023 prae-

211 2031 388 2064 missorum
414 2030 581 2071 ellectum,
610 2031 671 2064 hac
688 2032 755 2065 vice
776 2033 951 2075 dumtaxat,

211 2083 398 2127 specialiter
422 2089 454 2116 et
478 2093 633 2126 expresse
665 2084 875 2128 derogamus,
901 2097 952 2119 ‘ce-

211 2136 357 2180 terisque
382 2137 556 2170 contrariis
589 2137 862 2182 quilmscumque.

254 2190 369 2223 Datum
396 2190 528 2231 Romae,
553 2191 638 2234 apud
659 2191 691 2224 S.
711 2191 839 2225 Mariam
856 2192 952 2226 Maio-

211 2254 292 2284 rem,
312 2244 372 2276 sub
397 2245 519 2277 annulo
545 2244 732 2283 piscatoris,
752 2244 804 2277 die
822 2256 878 2279 vul
899 2256 952 2278 au-

211 2296 297 2340 gusti
323 2306 508 2337 MDccxxvi,
542 2296 750 2339 pontificatus
768 2298 870 2331 nostri
895 2309 951 2331 an-

211 2360 255 2383 no
286 2359 334 2384 111.

246 2411 306 2439 Dat,
331 2411 378 2439 die
398 2411 413 2438 8
433 2411 541 2446 augusti
562 2410 641 2444 1726,
659 2411 761 2446 pontif.
778 2419 850 2440 anuo
866 2419 905 2439 ιιι.

297 2625 379 2654 Ball.
403 2624 487 2653 Rom.
505 2640 538 2645 —
558 2624 621 2652 Vol.
640 2623 732 2654 XXII.
879 2625 913 2653 50

805 185 1000 208 BENEDICTUS
1026 185 1082 208 xul
1109 185 1156 208 PP.

1642 173 1706 207 393
1754 170 1802 208 A‘n.
1822 183 1852 209 c.
1873 182 1938 209 t726

1314 232 1430 265 CXLII.

1004 312 1206 345 stammam·
1221 312 1385 345 nonnulla
1401 322 1458 354 pro
1482 316 1565 344 recto
1582 310 1743 352 redimine

1048 365 1261 408 ltospz'luliwn.
1286 370 1314 397 ec
1339 365 1459 397 Montis
1489 365 1629 397 Pietatis
1662 363 1740 395 cim?-

1051 419 1127 449 tatc's
1153 416 1341 449 Coeoenae'.

1183 496 1364 523 Benedictus
1386 496 1562 530 episcopus.

1194 547 1303 566 servus
1319 547 1475 567 servorum
1490 541 1552 572 Dei,

1120 585 1155 610 ad
1176 587 1352 616 perpetuam
1372 585 1417 611 rei
1438 585 1624 611 memoriam.

1045 653 1317 697 Quotiescumque
1335 654 1516 696 cogitamus
1532 655 1542 697 (
1557 655 1620 687 hoe
1633 659 1741 687 autem
1754 664 1936 711 mnffffffiff'll‘lffhff

1772 696 1778 703 '¹
1817 697 1826 709 ’4
1850 697 1869 711 Ἰ
1891 705 1894 710 ,
1925 699 1928 710 Ι

1001 716 1097 749 saepe
1123 706 1308 749 contingit)
1343 717 1402 739 nos
1437 708 1596 740 eeclesiae
1629 707 1864 740 Caeso-ecam„
1884 718 1936 737 enu-

1000 758 1065 790 nati
1091 769 1144 790 sex
1171 764 1202 791 et
1227 759 1442 802 quadraginta
1474 760 1512 792 ab
1544 760 1621 792 hinc
1646 746 1848 794 annisssssfiiissiliii
1870 745 1937 790 su'ssiiiii

999 811 1154 853 pastorali
1187 811 1291 844 officio
1328 812 1523 855 praefuisse,
1553 813 1646 845 toties
1672 824 1740 846 me-

1000 864 1099 896 moria
1123 864 1301 906 repetimus
1328 865 1470 906 regulas,
1487 864 1738 906 instructioneS,

999 917 1103 949 edicta
1128 922 1159 950 et
1181 917 1352 960 synodales
1378 917 1644 957 constitutiones,
1667 918 1740 961 qui·

999 970 1058 1002 bus
1083 969 1170 1002 illius
1196 970 1406 1013 episcopatus
1431 971 1529 1003 rebus
1555 976 1585 1003 et
1611 971 1738 1014 praeei-

998 1033 1060 1065 pue
1100 1024 1249 1055 locorum
1289 1022 1418 1065 piorum
1455 1023 1734 1056 administrationi

998 1085 1056 1117 pro
1082 1074 1181 1107 nostri
1208 1074 1331 1117 ingenii
1354 1074 1475 1107 viribus
1497 1076 1665 1118 providere
1685 1086 1738 1108 cu-

998 1127 1147 1160 ravimus.
1175 1127 1350 1171 Postquam
1388 1138 1464 1160 vero
1491 1127 1655 1161 ineffabile
1681 1128 1737 1161 Dei

998 1180 1189 1220 consilium,
1229 1181 1328 1213 nullis
1372 1181 1577 1223 erigentibus
1614 1181 1737 1214 meritis

998 1233 1136 1271 nostris,
1162 1232 1194 1265 in
1221 1233 1378 1265 cathedra
1403 1234 1437 1266 B.
1466 1233 1549 1266 Petri
1577 1235 1737 1277 apostolo-

996 1296 1067 1317 rum
1089 1285 1249 1328 Principis
1275 1286 1389 1318 sedere
1411 1296 1470 1318 nos
1496 1286 1608 1325 voluit,
1628 1297 1738 1330 saepe-

998 1349 1131 1372 numero
1158 1339 1196 1371 ad
1223 1339 1369 1371 eamdem
1393 1339 1635 1372 dilectissimam
1659 1340 1735 1372 olim

997 1403 1147 1435 sponsam
1172 1397 1316 1424 nostram
1336 1393 1505 1425 ecelesiam
1527 1392 1737 1425 Caesenatem

997 1447 1110 1478 oculos
1146 1445 1332 1489 pontificiae
1368 1446 1537 1478 charitatis
1572 1446 1736 1478 converti-

998 1510 1077 1538 mus,
1101 1505 1134 1531 ut
1160 1499 1290 1542 aliquod
1318 1504 1448 1531 nostrae
1475 1509 1535 1542 pro
1555 1501 1591 1531 ea
1616 1498 1738 1531 sollici-

999 1553 1119 1585 tudinis
1130 1558 1358 1595 argumentum
1374 1553 1632 1585 ostenderemus.
1646 1552 1738 1584 Dum-

997 1616 1059 1649 que
1085 1617 1119 1638 se
1146 1605 1240 1638 nobis
1261 1605 1367 1648 primo
1386 1605 1500 1638 obtutu
1526 1605 1736 1637 seminarium

997 1659 1191 1692 clericorum
1211 1659 1427 1691 saecularium
1448 1658 1659 1702 episcopatus
1681 1658 1737 1691 ob-

998 1713 1087 1752 tulit,
1115 1712 1219 1744 statim
1253 1712 1291 1744 de
1317 1713 1380 1755 illo
1414 1711 1645 1754 amplificando
1680 1722 1737 1744 no-

997 1766 1107 1809 visque
1134 1765 1314 1798 redditibus
1339 1765 1489 1808 augendo
1516 1765 1734 1806 decrevimus,

997 1826 1029 1852 ut
1054 1819 1293 1859 adolescentes,
1319 1819 1455 1851 militiae
1492 1818 1734 1851 ecclesiasticae

997 1882 1116 1905 nomen
1144 1872 1259 1911 daturi,
1282 1872 1313 1904 iu
1333 1882 1371 1904 eo
1391 1871 1535 1903 moribus
1555 1877 1586 1903 et
1606 1871 1734 1913 litteris,

997 1936 1078 1969 quae
1105 1926 1221 1958 decent
1247 1935 1356 1957 saeros
1381 1924 1563 1963 ministros,
1589 1934 1735 1956 commo-

997 1979 1068 2011 dius
1091 1978 1289 2010 imbuantur.

1040 2032 1054 2076 ξ
1078 2032 1109 2064 1,
1137 2031 1239 2070 Quum
1264 2042 1340 2064 vero
1368 2041 1470 2074 nuper
1496 2031 1582 2064 baud
1608 2031 1736 2064 modica
1774 2038 1933 2066 Causassnrae·

1747 2068 1813 2086 sentis
1828 2070 1934 2087 constitu-

997 2085 1093 2118 animi
1120 2085 1221 2117 nostri
1242 2084 1490 2128 perturbatione
1512 2094 1625 2116 rursus
1644 2084 1736 2117 nobis
1748 2093 1933 2145 peotgpffminuuifflr’ira

996 2139 1194 2178 innotuerit,
1219 2138 1307 2181 quod
1336 2137 1528 2181 ceteroquin
1555 2137 1656 2170 oeulis
1678 2147 1823 2192 no-nlnnms
1839 2147 1932 2193 quodo-

996 2193 1070 2225 stris
1089 2192 1165 2225 olim
1185 2191 1405 2235 adspeximus,
1431 2197 1528 2234 atque
1556 2191 1644 2224 hisce
1669 2178 1932 2225 ina-iii's'slocias-''Sque

995 2246 1091 2278 nibus
1117 2245 1398 2285 contrectavimus,
1419 2244 1624 2277 xenodochia
1644 2245 1738 2276 nimi-

996 2309 1077 2338 rum,
1097 2299 1162 2331 sive
1181 2297 1370 2341 hospitalia,
1388 2302 1419 2330 et
1436 2297 1577 2330 Mentem
1603 2297 1736 2330 Pietatis

996 2351 1177 2392 Caesenae,
1197 2351 1237 2385 ob
1256 2351 1414 2384 incuriam
1435 2356 1466 2384 et
1484 2352 1612 2394 culpam
1638 2351 1738 2384 laico-

997 2415 1086 2445 rum,
1120 2414 1186 2437 non
1222 2406 1258 2437 ea
1284 2406 1347 2448 qua
1371 2404 1465 2437 decet
1495 2405 1574 2438 cura
1598 2409 1631 2437 et
1658 2404 1738 2447 vigi-

1029 2484 1042 2510 1
1065 2484 1105 2510 De
1125 2486 1226 2510 statuto
1246 2487 1339 2510 erecto
1359 2483 1394 2510 ab
1414 2483 1466 2512 hoc
1487 2483 1615 2518 pontifice
1635 2483 1737 2510 Romae

994 2535 1043 2563 pro
1064 2527 1191 2563 hospitali
1219 2527 1246 2554 S.
1278 2527 1408 2554 Gallicani
1431 2528 1490 2554 vide
1511 2528 1619 2555 constit.
1636 2527 1736 2554 editam

994 2578 1137 2607 unccxxvi,
1154 2571 1197 2600 die
1217 2572 1233 2599 6
1253 2571 1416 2607 decembris,
1438 2571 1534 2608 pontis.
1555 2578 1593 2599 in.
