2170 3147
204 197 254 223 An.
272 196 301 223 c.
324 195 392 224 1726
437 185 502 219 478

209 942 244 960 l'ei
252 940 316 966 egi-ini

329 942 392 963 ortus,

209 968 325 988 educatio,
350 974 382 985 niu

234 1001 242 1012 s
254 1011 258 1017 ,
281 994 392 1013 (Uener-ii)

209 1023 228 1041 et
243 1021 353 1041 sanctitas,

401 248 538 286 quatuor
556 242 594 274 ab
621 241 697 274 hinc
722 239 861 273 saeculis
879 239 911 271 in
937 238 1056 271 Ordine
1083 238 1140 270 fra-

401 302 481 328 trum
507 295 675 327 Servorum
691 294 725 326 B.
741 292 858 325 Mariae
877 291 1016 334 Virginis
1037 301 1140 334 asper-

401 349 480 381 rima
506 347 710 390 poenitentia
729 351 759 377 et
784 344 971 377 christianis
997 343 1142 376 moribus

401 402 543 438 clarum,
570 410 606 431 ac
631 398 731 440 signis
763 398 859 429 etiam
886 407 969 440 quae
996 396 1143 439 omnIpo-

401 459 470 486 tens
491 454 573 486 [teus
591 462 650 494 per
675 451 743 484 cius
771 450 888 483 merita
906 449 1067 488 ostendit,
1086 459 1144 481 nos
1165 455 1167 460 ’

402 507 461 539 hac
487 504 577 548 ipsa¹
609 505 679 544 die,
703 504 735 536 in
763 504 921 536 bonorem
949 503 984 535 Β.
1016 501 1144 534 loannis

401 558 542 603 apostoli
569 564 600 590 et.
625 557 846 599 evangelistae
872 556 938 589 Deo
964 557 1072 595 sacra,
1095 565 1146 587 so-

402 611 501 645 lemni
521 610 685 643 Ecclesiae
704 610 870 642 Romanae
889 608 1096 642 caeremonia
1114 608 1146 640 in

402 669 585 697 sanctorum
604 664 829 696 confessorum
848 672 1004 695 canonem
1023 661 1145 694 referre

403 717 626 755 decrevimus,
659 721 712 756 ut,
742 716 774 748 in
808 715 936 758 magnis
968 714 1145 757 multisque

403 770 481 803 tanti
500 770 560 802 viri
588 769 778 808 virtutibus,
798 768 986 801 earumdem
1006 768 1146 800 auctoris

403 823 518 856 sumini
554 822 610 855 Dei
644 833 762 855 nomen
795 832 854 865 per
887 831 1000 854 omnes
1032 825 1146 862 gentes·

404 876 564 910 celebrari
591 876 755 908 audiatur.

449 930 464 973 ἓ
489 929 519 962 l.
548 930 582 962 ln
607 928 770 967 Forolivii,
792 927 969 971 praecipua
990 927 1024 960 B.
1060 925 1146 959 Petri

405 982 533 1015 civitate
552 982 584 1014 in
603 982 730 1014 AEmilia
749 992 784 1014 ex
805 981 1006 1023 perlionesta
1023 979 1148 1012 Latiosa

404 1035 557 1079 prosapia
575 1040 665 1067 ortus
685 1041 732 1067 est
748 1034 941 1076 Peregrinus
959 1043 1043 1065 anno
1058 1032 1148 1066 Chri-

405 1089 445 1122 sti
472 1088 594 1121 domini
616 1097 752 1127 ιιεεων,
771 1097 878 1130 quem,
900 1087 977 1119 licet
1001 1086 1149 1118 christia-

406 1151 446 1174 ne
473 1142 642 1174 educatum
670 1146 767 1183 atque
795 1151 811 1172 a
831 1139 952 1172 teneris
973 1139 1065 1171 anuis
1083 1139 1148 1171 Dei·

406 1205 503 1238 parae
529 1194 651 1236 Virgini
679 1192 812 1236 speciali
840 1192 948 1224 studio
971 1191 1145 1230 addictum

408 1253 514 1280 tamen
540 1247 684 1289 corrupti
712 1246 832 1279 saeculi
854 1255 960 1278 mores
986 1245 1025 1276 eo
1051 1244 1149 1277 abdu-

406 1306 531 1339 xerunt,
551 1305 594 1336 ut.
613 1300 762 1332 civilibus
781 1299 905 1342 patriae
929 1298 1099 1330 discordiis
1118 1303 1150 1330 et

407 1353 624 1387 seditionibus
647 1353 820 1391 involutus,
840 1363 857 1384 a
877 1351 1024 1394 legitimo
1048 1351 1149 1394 impe-

406 1407 455 1439 rio
481 1412 611 1439 sanctae
638 1405 844 1449 Apostolicae
870 1404 962 1438 Sedis
986 1406 1050 1437 una
1075 1415 1147 1437 cum

408 1460 543 1503 reliquis
568 1460 634 1493 suis
660 1459 888 1492 conterraneis
912 1458 1083 1499 deficeret3
1111 1459 1149 1491 co

409 1514 505 1547 etiam
532 1515 706 1557 prolapsus
727 1540 734 1553 ,
754 1519 788 1545 ut
825 1512 1015 1555 Philippum
1055 1513 1150 1545 Beni-

410 1567 486 1599 tium
524 1566 667 1599 eiusdem
707 1565 845 1598 familiae
872 1565 1009 1597 fratrum
1035 1564 1150 1597 Servo-

409 1630 480 1652 rum
500 1621 534 1653 B.
555 1619 671 1652 Mariae
694 1619 846 1661 Virginis,
864 1622 975 1661 postea
1000 1619 1041 1651 ob
1067 1618 1149 1651 vitae

410 1673 658 1706 sanctimoniam
689 1672 745 1705 Dei
778 1671 1017 1704 confessoribus
1050 1672 1152 1703 adnu-

410 1732 591 1765 meratum,
620 1736 716 1769 quem
743 1725 939 1758 recolendae
972 1725 1150 1757 memoriae

411 1784 600 1812 antecessor
632 1783 744 1811 noster
777 1778 931 1811 Martinus
958 1778 1043 1820 Papa
1076 1778 1151 1810 illuc

411 1832 545 1865 miserat
565 1838 599 1864 ut
614 1832 715 1865 sacris
735 1831 948 1865 concionibus
971 1831 1152 1864 Liviensem

410 1888 570 1929 populum
589 1886 626 1918 ad
646 1885 809 1918 saniorem
828 1895 959 1918 sensum
977 1890 1153 1923 revocaret,

413 1939 619 1972 contumeliis
646 1944 676 1971 et
701 1938 866 1981 lapidibus
892 1948 1034 1977 caesum,
1057 1942 1151 1979 atquc

413 2050 607 2088 peicuteiet
637 2044 788 2087 Philippo
826 2049 933 2076 tamen
963 2054 1022 2087 pio
1059 2044 1155 2076 bosti-

413 2099 472 2130 bus
490 2098 555 2130 suis
581 2098 679 2131 Deum
699 2102 862 2136 exorante,
888 2097 1084 2139 Peregrinus
1105 2097 1177 2131 acl-3

415 2151 504 2183 missi
521 2150 666 2183 climinis
681 2151 795 2183 dolore
812 2154 923 2189 tactus,
939 2150 1025 2182 flevit
1038 2160 1154 2189 amaie,

415 2214 451 2236 ac
476 2204 664 2247 Philippum
696 2208 785 2236 extra
821 2202 984 2236 civitatem
1013 2213 1155 2246 propero

416 2256 546 2297 adiens,
566 2256 692 2289 veniam
719 2255 856 2299 supplex
877 2256 1070 2298 deprecatus
1092 2261 1154 2296 est,

417 2361 513 2403 gulae
532 2361 664 2394 fratrum
682 2362 855 2394 Servorum
875 2371 994 2394 nomen
1013 2361 1156 2401 daturus,

418 2413 543 2445 monitu
570 2414 726 2456 Deiparae
749 2414 898 2457 Virginis,
921 2420 1016 2457 atque
1043 2416 1157 2455 angelo

419 2466 547 2505 comite,
567 2466 676 2507 Scuas,
695 2478 776 2509 quac
803 2473 851 2500 cst
876 2468 985 2500 civitas
1008 2467 1157 2509 Virginis,

455 2539 464 2562 1
491 2536 560 2562 Edit.
578 2536 656 2562 Main.
674 2536 739 2571 legit
753 2538 812 2571 ipse
833 2545 882 2572 pro
902 2538 966 2572 ipsa
982 2538 1020 2572 (n.
1038 2538 1086 2571 T.).

455 2584 470 2607 2
486 2581 553 2607 Male
569 2581 898 2615 ed.Main.lcg.2·n‹1e‹ae
909 2591 956 2616 pro
968 2582 1156 2617 inqi‹e(n.T.).

981 189 1161 214 BULLARIUM
1185 189 1341 214 ROMANUM

1166 516 1168 523 ι
1189 508 1352 542 mutatus,
1379 502 1542 535 diuturnis

1929 187 1981 216 An.
1998 188 2027 217 C.
2050 188 2119 218 1726

1183 238 1287 270 statim
1315 238 1482 281 profectus
1510 242 1578 277 est,
1604 238 1659 271 ubi
1685 247 1803 271 novum
1829 237 1927 280 plane

1185 291 1352 324 bominem
1380 291 1528 331 induens,
1551 291 1637 324 omni
1665 301 1785 333 genere
1812 291 1928 333 Poeni-

1164 344 1307 377 ,tentiae
1333 355 1366 377 se
1392 350 1496 377 totum
1522 345 1587 377 Deo
1614 344 1750 383 dicavit,
1776 348 1812 376 ut
1836 353 1929 386 prae-

1188 398 1317 430 teritum
1356 397 1477 430 facinus
1515 398 1735 439 undequaque
1770 396 1927 439 expiaret.

1188 450 1296 493 ltaque
1323 450 1353 482 in
1381 451 1518 483 alterum
1551 451 1647 493 plane
1678 448 1845 481 bominem
1870 448 1931 481 im-

1576 501 1708 534 ieiuniis
1735 506 1766 533 et
1788 511 1932 534 macera-

1191 555 1334 587 tionibus
1373 564 1492 598 corpus
1528 555 1675 593 domans,
1705 553 1929 586 meditationi-

1191 608 1258 647 bus,
1277 608 1397 650 vigiliis
1411 618 1448 640 ac
1468 607 1624 650 lacrymis,
1641 617 1765 650 perque
1782 611 1865 639 totos
1879 607 1932 639 tri-

1191 661 1278 702 ginta
1293 671 1395 694 annos
1410 671 1574 703 nunquam
1597 660 1723 699 sedens,
1739 660 1795 693 sed
1813 659 1931 703 parieti

1192 715 1238 746 vel
1271 725 1347 747 saxo
1381 714 1572 747 incumbens
1603 713 1772 757 quiescere
1796 713 1930 753 solitus,

1192 767 1339 799 omnium
1366 767 1614 799 admirationem
1642 766 1673 798 in
1700 776 1734 798 se
1760 765 1930 799 convertit.

1192 820 1343 853 Charitati
1359 820 1496 852 maxime
1515 820 1656 859 studens,
1671 819 1709 852 ad
1726 824 1931 861 peccatorum

1192 874 1329 905 salutem
1357 875 1442 905 tanta
1468 872 1686 906 sollicitudine
1717 882 1848 915 operam
1879 872 1934 905 de-

1193 926 1238 958 dit
1266 931 1301 958 ut
1322 926 1453 968 triginta
1471 927 1628 966 latrones,
1647 925 1679 957 in
1698 925 1784 958 silvis
1810 924 1933 958 alienae

1192 979 1275 1011 vitae
1301 985 1331 1011 et
1355 979 1450 1011 bonis
1476 978 1649 1019 inhiantes,
1672 977 1761 1011 adire
1785 987 1849 1011 non
1870 977 1936 1010 for-

1193 1032 1371 1071 midaverit,
1399 1042 1595 1075 omnesque,
1625 1032 1692 1064 Deo
1718 1031 1843 1064 favente
1860 1057 1867 1071 ,
1895 1031 1934 1063 ad

1193 1085 1306 1118 seriam
1334 1085 1572 1128 poenitentiam
1599 1084 1776 1124 attraxerit,
1802 1090 1934 1127 propte-

1193 1149 1227 1171 ie
1233 1149 1248 1170 a
1273 1139 1420 1171 Emiliae
1447 1139 1619 1181 Apostolus
1644 1143 1789 1171 vocatus.

1237 1192 1251 1234 g
1277 1191 1308 1223 02.
1335 1191 1484 1229 (manta
1478 1201 1508 1223 m
1531 1191 1631 1223 Deum
1654 1191 1715 1223 fide.
1734 1189 1935 1231 excelluerit,
1946 1198 2108 1225 Magnaetuste
2102 1205 2130 1219 »ιιι

1193 1209 1268 1276 indc
1294 1244 1327 1275 fit
1351 1245 1474 1286 palam,
1497 1244 1583 1286 quod
1602 1242 1808 1276 deiicientem
1834 1218 2130 1276 ειηιιο-ἓῗὲῗῑωιιῖἷιῗιῗιῖ

1193 1307 1266 1329 nam
1292 1297 1323 1329 in
1350 1306 1512 1339 pauperes
1543 1297 1741 1338 eiogandam
1775 1295 1931 1329 divinitus
1946 1279 2045 1305 ¹⁸¹⁰b³¹⁵

1194 1349 1471 1393 multiplicaverit.
1499 1349 1561 1382 Sed
1590 1360 1703 1382 manus
1728 1349 1857 1382 Domini
1883 1359 1936 1382 ex-

1194 1405 1313 1436 celsam
1351 1403 1518 1446 Peregrini
1557 1403 1707 1436 virtutem
1749 1404 1865 1436 morbo
1897 1414 1933 1436 ο-

1194 1457 1316 1489 mnium
1345 1457 1624 1489 truculentissimo
1661 1456 1767 1489 adbuc
1797 1455 1936 1499 probare

1194 1510 1307 1543 voluit.
1334 1509 1413 1543 Crus
1440 1509 1526 1542 enim
1554 1509 1611 1541 viri
1628 1508 1683 1541 Dei
1705 1508 1871 1542 mortifero
1891 1513 1939 1541 tu-

1194 1574 1286 1596 morc
1313 1563 1495 1596 contabuit:
1514 1563 1635 1606 quique
1656 1572 1714 1605 per
1732 1561 1864 1604 triginta
1885 1572 1939 1594 an-

1196 1628 1254 1650 uos
1277 1627 1443 1660 nunqnam
1465 1616 1601 1655 sederat,
1622 1615 1654 1648 in
1672 1616 1792 1648 lectulo
1812 1616 1939 1648 decum-

1172 1670 1272 1703 ,bere
1299 1675 1427 1702 coactus
1453 1675 1513 1702 est.
1541 1669 1609 1702 Mox
1636 1668 1839 1711 graveolenti
1862 1678 1940 1711 gan-

1196 1725 1297 1766 grena
1324 1723 1494 1762 cruciatus,
1521 1733 1557 1754 ac
1582 1722 1659 1755 lobo
1685 1721 1872 1765 persimilis,
1899 1721 1938 1754 ab

1195 1776 1346 1809 omnibus
1361 1775 1548 1815 derelictus,
1568 1785 1675 1818 neque
1691 1775 1765 1807 ideo
1783 1778 1936 1813 moestus,

1197 1840 1292 1872 quum
1320 1830 1358 1862 de
1384 1839 1477 1861 crure
1515 1828 1711 1871 amputando
1740 1837 1938 1870 -supremum

1174 1873 1370 1926 {consitium
1408 1882 1566 1921 iniretur,
1604 1880 1768 1924 praesenti
1794 1880 1849 1913 Dei
1875 1891 1937 1924 ope

1174 1927 1176 1940 t

1175 1943 1176 1980 ι
1197 1935 1373 1975 convaluit,
1390 1940 1425 1967 ut
1442 1944 1502 1966 nec
1517 1934 1687 1976 vestigium
1703 1934 1805 1966 ullum
1822 1933 1938 1976 plagae

413 1997 502 2024 extra
522 1991 683 2024 civitatem
703 1991 853 2027 eiectum,
871 1990 963 2033 alapa
986 1990 1018 2022 in
1040 1990 1152 2023 faciem
1198 1993 1383 2031 appareret.
1411 1987 1512 2025 Quare
1539 1986 1727 2028 Peregrini,

1761 1986 1825 2019 Deo
1850 1985 1936 2025 cari,

1175 2041 1351 2080 {viitutum
1380 2041 1463 2072 Γι-ιιιιέι
1487 2039 1608 2082 ubique
1634 2038 1762 2078 diffusa,
1784 2039 1933 2071 omnium

1199 2105 1255 2127 oie
1277 2094 1383 2127 Sancti
1403 2092 1511 2134 elogio
1536 2092 1656 2136 passim
1681 2091 1787 2124 vocari
1807 2091 1937 2124 meruit.

1243 2148 1257 2190 ἓ
1282 2146 1312 2180 3.
1341 2146 1492 2186 Tandem,
1511 2151 1585 2188 post
1609 2150 1756 2178 exactum
1780 2144 1813 2177 in
1838 2145 1941 2188 perfe
1959 2151 2040 2172 Merui
2051 2151 2134 2173 luctatu

1952 2179 1985 2204 pia
2001 2178 2046 2198 obit
2061 2180 2081 2198 et
2096 2180 2134 2198 nii-

1200 2201 1345 2234 ctissimo
1376 2199 1433 2232 Dei
1459 2199 1613 2231 famulatu
1648 2198 1814 2241 octoginta
1839 2208 1939 2231 anno-
1952 2211 1982 2224 ιιι
1977 2204 2090 2224 1¹¹1s1¹1u
2094 2207 2133 2225 tra

1178 2288 1179 2298 ἵ
1199 2264 1270 2287 rum
1292 2253 1498 2292 curriculum,
1518 2251 1597 2284 febri
1617 2257 1799 2294 correptus,
1816 2251 1850 2284 in
1867 2261 1941 2285 coe-

417 2308 535 2352 inque'
553 2309 634 2342 viam
651 2310 763 2342 salutis
778 2320 795 2342 a
813 2309 868 2352 pio
882 2308 951 2341 viro
967 2309 1093 2348 ductus,
1111 2319 1158 2341 rc·
1178 2300 1180 2366 ἱ

1179 2392 1180 2398 ,
1201 2360 1407 2395 excitandum
1435 2363 1625 2397 curaverat,

1199 2306 1298 2341 nobio
1325 2307 1457 2339 fratrum
1476 2305 1660 2345 Servorum,
1681 2305 1767 2347 quod
1786 2304 1818 2337 in
1835 2304 1942 2347 patria

1658 2358 1849 2390 meritorum
1873 2358 1942 2400 ple-

1202 2425 1260 2447 nus
1284 2412 1483 2447 obdormivit
1500 2412 1532 2444 in
1547 2410 1685 2443 Domino
1702 2410 1849 2444 kalendis
1867 2410 1940 2443 maii

1203 2478 1287 2500 anno
1313 2467 1492 2510 Reparatae
1517 2464 1634 2497 Salutis
1658 2473 1803 2497 nccchv
1821 2490 1828 2503 ‚
1856 2465 1942 2496 tanta

1202 2519 1436 2553 sanctimoniae
1462 2518 1555 2551 laude
1572 2518 1721 2560 inclytus,
1742 2521 1775 2548 ut
1798 2515 1941 2548 finitimis

1202 2573 1334 2616 populis
1370 2571 1602 2614 corpusculum
1639 2570 1706 2602 eius
1739 2569 1939 2602 veneraturis
