2139 3142
510 336 789 418 INDEX
855 336 1307 418 INITIALIS.

500 670 522 700 Α

142 749 186 781 Ad
211 748 405 792 apostolicae
429 747 590 790 dignitatis
635 773 790 780 .....
818 747 883 780 195

142 802 188 834 Ad
211 801 401 845 apostolicae
425 801 586 843 dignitatis
604 826 792 834 ......
818 799 883 833 313

142 854 188 887 Ad
213 854 387 897 augendam
413 853 552 886 fidelium
602 879 792 886 ......
819 852 883 885 439

140 907 187 939 Ad
213 906 389 949 augendam
414 906 554 938 fidelium
566 932 792 938 .......
843 905 884 938 70

143 959 188 992 Ad
212 959 388 1002 augendam
412 959 552 992 fidelium
567 985 792 992 .......
819 958 885 991 354

142 1013 189 1046 Ad
213 1012 388 1055 augendam
413 1012 553 1044 fidelium
569 1037 793 1044 .......
821 1010 884 1043 769

142 1066 189 1099 Ad
213 1065 388 1108 augendam
410 1071 545 1097 vestram
562 1090 791 1096 .......
820 1064 884 1096 832

143 1119 189 1152 Ad
213 1129 258 1158 ea,
283 1129 341 1161 per
364 1128 444 1160 quae
468 1118 649 1150 animarum
673 1144 679 1150 .
710 1144 716 1149 .
748 1143 754 1149 .
785 1144 791 1150 .
818 1116 884 1150 309

142 1171 187 1215 Ad
212 1170 354 1203 fidelium
379 1170 434 1202 Dei
459 1180 624 1203 servorum
640 1196 792 1202 .....
819 1169 885 1202 474

143 1223 299 1256 Admonet
322 1233 379 1256 nos
404 1222 543 1266 suscepti
568 1233 643 1255 cura
653 1249 792 1255 .....
820 1221 879 1255 311

143 1276 189 1308 Ad
213 1276 369 1319 pastorale
401 1275 560 1318 fastigium
603 1301 792 1308 ......
821 1274 885 1307 134
909 1295 911 1306 ι

141 1329 186 1361 Ad
212 1329 368 1371 pastorale
393 1328 552 1371 fastigium
567 1354 791 1361 .......
819 1327 881 1361 607

143 1382 188 1413 Ad
214 1381 380 1424 pastoralis
405 1381 566 1424 dignitatis
590 1381 747 1424 fastigium
788 1408 794 1413 .
820 1380 884 1414 832

144 1434 189 1466 Ad
215 1434 330 1466 summi
355 1434 409 1466 Dei
434 1434 567 1476 gloriam
583 1460 791 1466 .......
821 1433 884 1467 710

143 1486 188 1518 Ad
213 1486 379 1519 Summum
404 1486 589 1520 Pontificem
638 1513 792 1519 .....
820 1486 883 1518 5377

143 1538 312 1581 AEquitatis
337 1549 372 1571 ac
397 1539 530 1571 iustitiae
561 1539 640 1572 ratio
677 1565 683 1571 .
713 1565 719 1571 .
750 1565 757 1572 .
787 1565 793 1571 .
822 1538 886 1571 764

143 1592 263 1624 :Eterni
288 1592 433 1635 pastoris,
459 1592 511 1635 qui
538 1592 718 1625 misericors
751 1618 754 1621 .
787 1620 792 1625 .
843 1592 885 1625 89
911 1613 912 1616 =

142 1644 291 1676 AEternus
315 1644 434 1676 aeterni
460 1644 561 1677 Patris
584 1644 668 1677 filius
714 1671 720 1677 .
750 1671 756 1677 .
787 1671 794 1676 .
822 1644 885 1677 218
911 1663 912 1668 =

141 1697 227 1729 Alias
251 1697 405 1729 carissimi
431 1696 463 1729 in
488 1697 613 1730 Christo
641 1724 793 1730 .....
821 1697 885 1731 398

144 1749 227 1781 Alias
250 1756 435 1782 emanarunt
459 1760 476 1782 a
500 1750 600 1783 felicis
620 1777 795 1783 ......
822 1750 886 1783 3022

144 1802 229 1835 Alias
254 1808 442 1835 emanarunt
466 1813 482 1835 a
507 1803 606 1836 felicis
640 1829 794 1836 .....
823 1803 886 1835 8:33

145 1855 227 1888 Alias
252 1861 440 1888 emanarunt
465 1867 482 1888 a
502 1856 688 1889 recolendae
715 1884 721 1890 .
752 1884 758 1890 .
790 1884 795 1889 .
823 1857 887 1890 810

144 1907 227 1940 Alias
251 1909 408 1941 emanavit
432 1919 448 1940 a
473 1908 726 1951 Congregatione
753 1936 759 1942 .
790 1936 796 1941 .
824 1909 887 1941 ⁹206

144 1961 227 1993 Alias
253 1961 351 1994 felicis
376 1962 605 1995 recordationis
642 1989 796 1996 .....
823 1963 887 1995 312

145 2014 228 2047 Alias
253 2014 350 2046 fel1cis
375 2015 601 2048 recordationis
640 2041 795 2048 .....
823 2015 887 2048 6002

145 2067 228 2099 Alias
253 2067 351 2099 felicis
380 2067 607 2101 recordationis
642 2094 796 2100 .....
824 2068 888 2101 615

145 2120 229 2152 Alias
254 2120 381 2153 nomine
406 2120 562 2152 carissimi
605 2147 795 2153 ......
823 2121 882 2153 601

147 2173 229 2204 Alias
253 2183 321 2213 nos,
347 2173 530 2216 provinciae
554 2173 762 2206 Lombardiae
789 2200 795 2206 .
822 2173 887 2207 318

147 2225 229 2258 Alias
254 2235 311 2258 nos
336 2236 393 2268 per
417 2225 585 2268 quamdam
607 2251 795 2258 ......
823 2226 886 2260 556

147 2278 230 2310 Alias
254 2288 312 2320 pro
338 2283 427 2321 parte
450 2278 555 2311 dilecti
581 2278 636 2310 filii
677 2305 683 2311 .
715 2305 721 2311 .
752 2305 758 2311 .
789 2305 795 2311 .
846 2279 885 2312 77

148 2330 233 2362 Alias
257 2341 316 2374 pro
340 2336 428 2374 parte
451 2331 556 2364 dilecti
579 2331 637 2364 filii
678 2358 685 2364 .
715 2358 721 2364 .
752 2357 759 2364 .
790 2358 795 2364 .
823 2331 887 2366 608

146 2382 232 2415 Alias
255 2393 315 2426 pro
339 2389 428 2427 parte
453 2389 525 2417 tunc
560 2384 759 2417 existentium
791 2411 798 2417 .
823 2384 886 2419 697

146 2435 240 2476 Alias,
265 2435 346 2469 sicut
369 2437 553 2480 accepimus
568 2463 795 2471 .......
823 2438 888 2472 165

146 2490 351 2532 Apostolatus
375 2501 461 2531 cura,
488 2502 584 2535 quarn
610 2491 734 2525 divinae
751 2518 758 2524 .
787 2519 795 2525 .
822 2492 888 2526 469

147 2542 349 2585 Apostolatus
373 2543 510 2576 officium
537 2544 723 2577 infirmitati.
753 2571 760 2577 .
790 2571 797 2578 .
824 2544 890 2578 814

146 2594 347 2637 Apostolicae
371 2595 534 2630 Ecclesiae
557 2597 725 2640 regimini.
755 2623 762 2630 .
791 2624 798 2631 .
825 2598 889 2632 158

147 2647 346 2690 Apostolicae
370 2649 528 2684 servitutis
552 2650 692 2684 officium
720 2677 727 2683 .
756 2677 763 2683 .
790 2677 797 2685 .
825 2651 889 2685 207

937 643 1133 686 Apostolicae
1157 641 1376 675 sollicitudinis
1401 668 1586 674 ......
1611 642 1677 675 355

933 695 1104 738 Apostolici
1130 695 1242 734 officii,
1267 706 1349 737 quo,
1373 700 1503 728 auctore
1539 721 1545 727 .
1576 721 1582 727 .
1611 694 1675 728 78⁰2

934 750 1057 781 Arcano
1092 747 1217 780 divinae
1252 747 1470 791 providentiae
1504 775 1511 781 .
1541 774 1548 781 .
1578 775 1584 781 .
1612 748 1678 783 654

934 800 1062 832 Avendo
1087 800 1139 833 noi
1164 800 1262 833 molto
1285 799 1367 833 benc
1387 800 1588 834 considerato
1634 801 1676 834 66

1295 879 1317 910 Β

937 959 1104 991 Beatorum
1132 964 1306 1002 martyrum
1339 985 1345 991 .
1375 986 1381 991 .
1410 985 1416 991 .
1441 986 1446 991 .
1474 986 1480 991 .
1506 986 1513 992 .
1541 986 1548 992 .
1578 987 1584 992 .
1614 959 1676 992 788

936 1010 1059 1043 Benche
1084 1010 1123 1042 da
1148 1010 1237 1043 molti
1261 1011 1380 1044 Sommi
1406 1012 1555 1045 Pontefici
1579 1039 1584 1044 .
1613 1012 1675 1045 70⁶2

938 1064 1041 1096 Bonus
1066 1064 1116 1096 ille
1141 1070 1352 1107 aeternusque
1377 1065 1487 1098 Pastor
1507 1091 1515 1097 .
1543 1091 1549 1097 .
1580 1092 1586 1098 .
1613 1065 1677 1098 440

1297 1143 1318 1175 C

935 1222 1131 1255 Christianae
1153 1222 1282 1255 virtutes
1307 1226 1337 1256 et
1360 1233 1483 1255 summa
1502 1249 1509 1254 .
1539 1249 1545 1255 .
1576 1250 1582 1255 .
1611 1222 1674 1256 483

935 1275 1076 1308 Christus
1093 1274 1254 1315 Dominus,
1273 1275 1338 1318 qui,
1362 1275 1548 1318 priusquam
1577 1302 1583 1307 .
1610 1275 1674 1308 800

937 1327 968 1360 Ci
989 1328 1005 1359 e
1023 1332 1101 1360 stato
1119 1333 1361 1370 rappresentato
1382 1339 1438 1370 per
1463 1333 1551 1372 parte
1579 1355 1585 1360 .
1614 1328 1676 1360 7722

936 1380 1173 1423 Circumspecta
1197 1380 1330 1413 Romani
1355 1380 1517 1413 I‘ontilicis
1544 1407 1549 1412 .
1581 1407 1586 1412 .
1620 1380 1679 1413 1030

937 1433 1172 1476 Circumspecta
1197 1434 1329 1466 Romani
1356 1433 1516 1467 Pontificis
1542 1459 1549 1465 .
1580 1459 1586 1465 .
1614 1432 1676 1465 187

938 1486 1174 1529 Circumspecta
1196 1486 1328 1518 Romani
1354 1486 1514 1519 Pontificis
1541 1513 1547 1518 .
1578 1513 1585 1518 .
1613 1485 1672 1518 811

936 1540 1102 1572 Commissi
1127 1539 1220 1572 nobis
1244 1539 1373 1572 caelitus
1396 1564 1588 1571 ......
1615 1539 1680 1572 169

937 1592 1100 1625 Commissi
1124 1592 1216 1625 nobis
1239 1592 1387 1625 divinitus
1405 1618 1587 1624 ......
1615 1592 1675 1625 471

938 1646 1160 1680 Contentiones
1185 1650 1214 1679 et
1237 1646 1307 1678 lites
1337 1672 1587 1678 ........
1617 1646 1679 1679 713

938 1699 1081 1731 Creditae
1106 1698 1196 1731 nobis
1221 1698 1350 1730 caelitus
1362 1724 1589 1731 .......
1616 1699 1681 1731 174

938 1751 1062 1784 Credita
1087 1751 1180 1784 nobis
1205 1750 1338 1783 caelitus
1356 1776 1586 1783 .......
1614 1751 1677 1785 567

939 1804 1016 1836 Cum
1041 1803 1078 1835 ad
1103 1803 1293 1846 apostolatus
1313 1802 1414 1834 nostri
1433 1828 1588 1835 .....
1615 1802 1675 1835 841

939 1858 1015 1890 Cum
1040 1857 1077 1888 ad
1103 1855 1296 1899 apostolatus
1312 1855 1413 1888 nostri
1433 1881 1587 1888 .....
1616 1855 1680 1888 858

939 1910 1015 1942 Cum
1040 1909 1080 1942 ad
1104 1919 1197 1940 aures
1220 1914 1344 1941 nostras
1369 1908 1551 1951 pervenerit
1577 1934 1585 1942 .
1615 1908 1675 1942 861

939 1962 1052 1995 Cuma
1069 1961 1268 1994 sanctissimo
1292 1961 1421 1994 domino
1445 1967 1554 1995 nostro
1581 1988 1588 1995 .
1617 1962 1675 1995 771

939 2015 1032 2055 Cum,
1057 2015 1176 2046 attenta
1211 2013 1442 2057 approbatione
1475 2040 1482 2047 .
1512 2041 1518 2047 .
1547 2041 1554 2047 .
1581 2041 1589 2047 .
1615 2014 1680 2047 835

940 2067 1017 2101 Cum
1041 2067 1140 2100 felicis
1165 2067 1394 2100 recordationis
1434 2094 1587 2101 .....
1639 2067 1680 2100 70

939 2122 1016 2155 Cum
1042 2120 1254 2153 inscrutabilis
1278 2121 1374 2153 divini
1401 2147 1588 2155 ......
1639 2122 1681 2155 50

939 2175 1017 2208 Cum
1042 2174 1142 2208 iustus
1165 2185 1199 2206 ac
1225 2174 1407 2207 misericors
1435 2174 1590 2208 Dominus
1614 2174 1678 2208 637

939 2228 1016 2262 Cum
1041 2237 1098 2260 nos
1121 2237 1221 2270 nuper
1246 2227 1344 2259 sancti
1368 2227 1515 2260 jubilaei.
1545 2254 1552 2260 .
1581 2254 1588 2261 .
1638 2227 1681 2261 60

939 2280 1033 2320 Cum,
1060 2279 1224 2312 occasione
1249 2279 1481 2313 constitutionis
1508 2306 1514 2313 .
1544 2307 1550 2313 .
1580 2306 1588 2314 .
1616 2281 1681 2314 7⁹24

939 2334 1014 2366 Cum
1040 2332 1256 2365 sanctissimus
1280 2332 1426 2366 dominus
1449 2339 1558 2366 noster
1580 2360 1586 2366 .
1615 2333 1679 2367 789

938 2386 1028 2425 Cum,
1053 2386 1134 2418 sicut
1157 2379 1337 2428 accepimus
1362 2412 1588 2421 .......
1614 2386 1681 2421 310

939 2439 1036 2478 Cum,
1056 2438 1136 2472 sicut
1158 2438 1338 2482 accepimus
1358 2464 1589 2474 .......
1614 2440 1676 2474 641

939 2492 1026 2532 Cum,
1043 2491 1125 2524 sicut
1148 2490 1328 2534 accepimus
1369 2517 1590 2526 .......
1615 2492 1681 2527 665

941 2544 1035 2584 Cum,
1059 2544 1141 2576 sicut
1171 2543 1352 2586 accepimus
1362 2569 1589 2584 .......
1616 2545 1682 2579 760

940 2597 1028 2637 Cum,
1053 2596 1134 2628 sicut
1158 2595 1357 2639 accepimus,
1398 2622 1589 2631 ......
1614 2596 1680 2631 317

1399 2675 1591 2684 ......
1616 2650 1681 2685 649

941 2650 1029 2690 Cum,
1045 2649 1126 2682 sicut
1149 2648 1346 2692 accepimus,
