2170 3147
32 235 79 261 An.
101 234 129 261 C.
147 234 215 261 ¹722

45 2506 202 2527 Contrariorum

18 2532 138 2559 derogatio.

814 231 1008 256 BENEDICTUS
1033 232 1090 256 xm
1115 232 1164 256 PP,

225 283 322 315 etiam
356 293 392 315 ex
430 292 468 315 eo
502 281 590 324 quod
630 280 810 324 supradicti
844 285 876 312 et
907 279 961 312 alii

224 336 421 378 quicumque
447 334 478 367 in
501 333 687 377 praemissis
714 332 964 376 quomodolibet

223 390 272 421 ius
297 389 346 422 vel
369 388 531 420 interesse
560 387 720 419 habentes
752 391 805 418 aut
838 385 960 418 habere

223 440 477 484 praetendentes
515 439 629 472 iisdem
670 438 857 482 praemissis
894 448 959 470 non

223 493 464 533 consenserint,
487 502 547 526 nec
567 493 606 525 ad
631 502 668 525 ea
692 491 796 524 vocati
828 501 886 523 seu
907 501 961 522 au-

223 547 281 580 diti
307 546 436 586 fuerint,
463 546 530 578 ullo
567 555 707 588 unquam
731 550 878 587 tempore
920 542 959 576 de

222 598 440 642 subreptionis
471 598 519 631 vel
545 597 749 640 obreptionis
786 606 842 629 seu
869 594 959 628 nulli·

222 652 297 685 tatis
312 652 403 692 vitio,
417 662 474 684 seu
507 650 698 684 intentionis
725 655 876 690 nostrae,
909 649 958 681 vel

221 706 378 738 interesse
400 703 592 737 habentium
618 704 820 743 consensus,
855 702 957 736 aliove

221 756 369 801 quolibet
400 757 496 790 etiam
525 755 732 799 quantumvis
768 765 886 797 magno
929 760 982 788 eti

222 810 347 843 formali
372 815 402 842 et
426 809 632 847 substantiali
678 809 804 842 defectu
841 808 958 848 notari,

221 863 426 906 impugnari,
459 861 602 904 infringi,
636 862 667 894 in
701 860 956 894 controversiam

220 915 340 954 vocari,
376 915 414 947 ad
452 915 608 948 terminos
634 914 712 947 iuris
746 913 868 953 reduci,
902 922 956 945 seu

221 968 372 1002 adversus
401 968 473 1001 illas
504 967 692 1011 aperitionis
717 966 794 1006 oris,
826 965 957 998 restitu-

222 1021 318 1054 tionis
338 1021 369 1054 in
386 1021 557 1063 integrum,
580 1020 708 1054 aliudve
729 1019 956 1063 quodcumque

219 1074 306 1114 iuris,
322 1074 395 1107 facti
406 1075 455 1107 vel
473 1073 594 1116 gratiae
607 1072 786 1106 remedium
801 1071 956 1105 intentari

219 1127 266 1160 vel
283 1126 450 1170 impetrari
477 1126 662 1159 nullatenus
687 1135 801 1169 posse,
817 1124 873 1157 sed
891 1134 956 1156 eas·

220 1181 293 1213 dem
317 1185 506 1223 praesentes
531 1179 654 1212 litteras
681 1187 809 1220 semper
835 1182 865 1209 ct
886 1186 957 1219 per-

219 1238 318 1276 petuo
332 1232 464 1270 validas,
480 1231 585 1264 firmas
604 1238 636 1264 et
653 1230 798 1263 efficaces
816 1229 956 1263 existere
977 1252 979 1264 .

220 1296 256 1319 ac
288 1285 366 1325 fore,
393 1295 535 1328 suosque
561 1283 726 1327 plenarios
752 1287 783 1315 et
808 1283 955 1324 integros
977 1301 979 1310 ·

977 1337 1107 1370 ‘bustis
1135 1336 1304 1369 tenoribus
1331 1342 1360 1369 et
1401 1337 1520 1378 formis,
1554 1347 1626 1370 cuni
1659 1339 1735 1381 qui·

220 1337 350 1372 effectus
374 1337 481 1370 sortiri
500 1347 535 1369 ac
551 1336 701 1369 obtinere
721 1335 850 1375 debere,
870 1339 899 1367 et
916 1335 955 1367 ab

1006 280 1212 323 Apostolicae
1238 280 1370 324 regulis,
1397 280 1602 325 aliorumque
1628 278 1740 313 Roma-

1005 344 1121 366 norum
1148 333 1340 367 Pontificum
1367 335 1655 378 praedecessorum
1686 345 1741 367 no-

1005 391 1147 419 strorum
1182 387 1468 420 constitutionibus
1501 392 1532 419 et
1563 386 1741 420 ordinatio-

1004 440 1099 472 nibus
1125 440 1407 483 quibuscumque,
1427 451 1463 472 ac
1485 440 1618 482 praefati
1638 440 1680 472 Pii
1704 440 1741 473 IV

1005 492 1043 524 de
1069 492 1179 533 gratiis
1198 492 1434 535 qualecumque.
1452 493 1610 526 interesse
1636 492 1740 526 dictae

1003 543 1155 577 Gamerae
1193 544 1467 577 concernentibus
1506 545 1591 578 intra
1616 550 1739 578 certum

1003 596 1082 629 inibi
1116 607 1306 640 expressum
1341 602 1467 640 tempus
1494 597 1686 630 exhibendis
1710 602 1740 630 et

1002 650 1224 692 registrandis,
1265 650 1345 682 itaut
1381 650 1510 682 easdem
1551 655 1737 693 praesentes

1003 703 1128 736 litteras
1162 701 1281 735 ibidem
1324 701 1474 735 exbiberi
1510 707 1538 735 et
1574 702 1739 744 registrari

1002 765 1168 798 nunquam
1195 765 1328 788 necesse
1355 753 1415 794 sit,
1442 754 1579 797 aliisque
1613 754 1740 797 quibus-

1002 818 1139 851 cumque
1174 807 1382 851 apostolIcis,
1409 814 1440 840 et
1470 807 1502 840 in
1532 807 1740 850 provinciali-

979 850 1062 893 ibus
1088 871 1124 894 ac
1150 860 1361 904 synodalibus
1387 859 1532 894 conciliis
1555 859 1667 899 editis,
1687 870 1740 902 ge-

1002 913 1170 947 neralibus
1196 915 1245 947 vel
1270 913 1480 956 specialibus,
1502 912 1741 946 constitutioni-

978 972 981 980 ·
1001 967 1060 999 bus
1087 971 1118 1000 et
1137 965 1415 1007 ordinationibus,
1438 974 1566 999 necnon
1592 964 1741 998 ecclesia·

1001 1030 1071 1053 rum
1096 1019 1330 1063 praefatarum,
1356 1030 1391 1052 ac
1421 1018 1634 1052 nunciaturae
1660 1017 1739 1052 Nea-

1000 1073 1098 1117 polis,
1137 1073 1234 1105 etiam
1261 1072 1455 1111 iuramento,
1492 1071 1739 1105 confirmatione

1000 1125 1189 1169 apostolica,
1204 1125 1253 1158 vel
1268 1125 1379 1168 quavis
1401 1125 1463 1157 alia
1480 1124 1631 1157 firmitate
1648 1124 1740 1157 robo-

1000 1179 1090 1219 ratis,
1111 1178 1247 1218 statutis,
1275 1178 1423 1218 decretis,
1442 1178 1567 1220 usibus,
1594 1178 1683 1222 stylis
1709 1184 1741 1212 et

1000 1232 1315 1271 consuetudinibus,
1342 1231 1520 1274 privilegiis
1541 1242 1671 1275 quoque
1696 1233 1740 1266 in·

1001 1285 1098 1318 dultis
1132 1295 1168 1317 ac
1203 1284 1319 1317 litteris
1351 1284 1556 1327 apostolicis,
1586 1285 1645 1317 sub
1671 1285 1740 1328 qui·

221 1391 383 1431 omnibus,
397 1391 436 1423 ad
453 1399 533 1433 quos
549 1395 674 1432 spectat
695 1394 726 1421 et
742 1393 955 1431 protempore
976 1383 979 1435 ᾖ
999 1390 1199 1433 buscuinque
1225 1389 1319 1423 etiam
1345 1390 1623 1432 derogatoriarum
1649 1391 1738 1425 dero·

221 1445 489 1488 quandocumque
515 1442 696 1485 spectabit,
722 1440 956 1474 inviolabiliter
976 1443 978 1494 f
998 1443 1140 1485 gatoriis,
1158 1443 1293 1486 aliisque
1316 1443 1560 1483 efficacioribus,
1583 1444 1736 1478 efficacis-

220 1497 401 1537 observari,
431 1497 542 1539 sicque
562 1501 591 1528 et
611 1506 671 1528 nou
691 1495 784 1527 aliter
802 1495 831 1526 in
863 1504 955 1537 prae·
976 1498 978 1537 ξ
999 1495 1088 1529 simis
1102 1501 1133 1529 et
1150 1495 1290 1529 insolitis
1308 1495 1473 1536 clausulis,
1488 1501 1518 1529 et
1533 1496 1735 1530 irritantibus

220 1550 325 1583 missis
342 1560 400 1593 per
418 1559 641 1592 quoscui‘nque
676 1548 797 1580 iudices
826 1546 954 1579 ordina-

219 1604 285 1636 rios
311 1608 342 1636 et
359 1603 534 1645 delegatos,
553 1602 649 1635 etiam
661 1611 827 1633 causarum
843 1600 952 1643 palatii

217 1655 386 1699 apostolici
412 1654 583 1694 auditores,
602 1653 715 1686 S.R.E.
743 1653 951 1686 camerarium
974 1663 976 1687 t

217 1715 249 1743 ct
273 1708 465 1748 cardinales,
498 1707 594 1740 etiam
621 1708 659 1739 tle
685 1708 786 1739 latere
814 1707 950 1748 legatos,
974 1749 975 1755 ἵ

974 1779 975 1784 =
996 1763 1252 1806 praemissorum
1278 1762 1441 1795 concessis
1456 1790 1463 1802 ,
1490 1773 1526 1795 ac
1551 1763 1646 1796 etiam
1665 1763 1735 1806 plu-

216 1772 344 1795 necnon
358 1761 509 1795 Gamerae
530 1760 694 1804 praefatae
714 1759 951 1793 thesaurarium

216 1815 427 1857 generalem,
460 1819 491 1847 et
526 1813 751 1857 praesidentes
789 1812 949 1852 clericos,

216 1867 506 1909 Congregationem
519 1866 703 1909 Spoliorum
718 1869 949 1908 nuncupatam,

215 1924 359 1953 nostrum
392 1925 423 1952 et
452 1919 542 1952 Sedis
568 1918 774 1962 Apostolicae
801 1918 832 1950 in
863 1918 949 1951 dicto

216 1983 315 2016 regno
348 1972 561 2015 Neapolitano
593 1983 654 2016 pro
689 1978 833 2015 tempore
869 1982 950 2004 nun-

216 2026 300 2059 cium
325 2032 356 2059 et
380 2027 595 2065 collectorem,
613 2026 759 2069 aliosque
777 2036 949 2068 quoscum-

216 2088 279 2121 que
301 2078 445 2121 qualibet
470 2079 669 2118 auctoritate,
692 2078 950 2122 praeeminentia
970 2106 972 2113 Α

217 2135 248 2164 ct
267 2135 422 2174 potestate
441 2131 609 2174 fungentes
631 2138 662 2165 ct
682 2133 860 2171 functuros,
878 2131 949 2163 sub—

217 2184 280 2217 lata
304 2183 350 2217 eis
376 2189 407 2217 et
432 2194 543 2217 eorum
569 2185 701 2218 cuilibet
721 2185 830 2229 quavis
856 2185 949 2218 aliter

216 2236 380 2270 iudicandi
405 2242 436 2269 et
461 2237 694 2280 interpretandi
715 2238 877 2277 facultate,
900 2237 949 2269 iu-

215 2289 316 2322 dicari
333 2294 365 2322 et
378 2288 507 2322 definiri
526 2290 656 2331 debere,
674 2291 802 2326 irritum
821 2301 948 2334 quoque

214 2347 246 2375 et
261 2342 358 2375 inane
376 2342 402 2375 si
428 2353 520 2375 secus
539 2353 640 2386 super
658 2343 708 2375 liis
736 2354 752 2376 a
773 2354 947 2387 quoquam,

213 2395 324 2438 quavis
343 2395 548 2436 auctoritate,
565 2396 707 2429 scienter
727 2398 778 2429 vel
796 2396 949 2439 ignoran-

214 2454 281 2489 ter,
301 2448 477 2491 contigerit
505 2449 670 2482 attentari.

257 2501 271 2544 ἓ
298 2500 328 2533 7.
351 2500 419 2534 Non
446 2501 652 2535 obstantibus
678 2503 872 2546 praemissis,
899 2514 946 2544 ac,

213 2558 370 2597 quatenus
388 2564 469 2597 opus
495 2554 544 2595 sit,
567 2555 606 2587 de
628 2555 695 2589 iure
713 2556 861 2600 quaesito
883 2566 947 2589 non

212 2607 367 2646 tollendo,
389 2607 524 2650 aliisque
545 2608 659 2641 uostris
678 2615 709 2642 et
727 2609 947 2644 (lancellariac

295 2668 375 2697 Ball.
397 2669 480 2697 Rom.
500 2685 530 2689 —-
551 2670 608 2698 Vol.
628 2671 708 2699 XXII
848 2674 862 2699 9

975 1558 977 1597 j
997 1549 1132 1593 aliisque
1152 1549 1344 1589 decretis,in
1358 1560 1475 1592 genere
1494 1551 1543 1583 vel
1562 1550 1594 1583 in
1613 1550 1735 1594 specie,

975 1602 1095 1636 'etiam
1120 1610 1218 1644 motu,
1245 1603 1380 1636 scientia
1405 1609 1436 1635 et
1462 1603 1633 1646 potestatis
1667 1604 1734 1647 ple-

997 1656 1143 1690 nitudine
1164 1656 1334 1695 similibus,
1351 1656 1446 1689 etiam
1465 1656 1736 1690 consistorialiter

996 1721 1031 1742 ac
1069 1709 1150 1742 alias
1187 1709 1435 1752 quomodolibet
1469 1710 1501 1742 in
1538 1709 1735 1743 contrarium

996 1816 1057 1849 ries
1083 1816 1280 1849 confirmatis
1307 1821 1338 1848 et
1362 1815 1525 1849 innovatis
1556 1822 1587 1849 et
1614 1827 1734 1860 appro-

995 1869 1076 1902 batis
1090 1881 1096 1909 ;
1111 1870 1228 1912 quibus
1238 1868 1429 1902 omnibuset
1444 1869 1591 1911 singulis,
1608 1869 1733 1903 etiarnsi

995 1933 1052 1966 pro
1077 1923 1206 1956 illorum
1234 1922 1406 1955 sufficienti
1446 1922 1661 1965 derogatione
1695 1924 1733 1957 de

994 1976 1057 2009 illis
1075 1986 1252 2019 eorumque
1279 1975 1353 2008 totis
1380 1975 1547 2008 tenoribus
1571 1976 1733 2019 specialis,

993 2027 1159 2071 specifica,
1192 2028 1376 2065 individua,
1415 2038 1450 2061 ac
1487 2028 1525 2062 de
1568 2029 1667 2063 verbo
1693 2031 1731 2062 ad

993 2082 1144 2121 verbum,
1183 2092 1248 2114 non
1275 2088 1382 2114 autem
1409 2092 1468 2125 per
1488 2083 1652 2116 clausulas
1678 2094 1732 2126 ge-

993 2133 1118 2167 nerales
1144 2134 1228 2167 idem
1259 2134 1482 2177 imponantes,
1516 2135 1638 2168 mentio
1672 2146 1731 2169 seu

992 2186 1121 2229 quaevis
1148 2187 1209 2219 alia
1235 2188 1400 2230 expressio
1419 2187 1582 2228 habenda,
1601 2193 1655 2222 aut
1675 2189 1732 2223 ali-

992 2250 1054 2282 qua
1080 2240 1143 2272 alia
1168 2240 1328 2283 exquisita
1366 2240 1465 2273 forma
1499 2241 1538 2274 ad
1580 2241 1640 2275 hoc
1665 2253 1732 2276 scr-

993 2293 1095 2325 vanda
1121 2293 1213 2334 foret,
1242 2298 1371 2326 tenores
1390 2293 1573 2328 huiusmodi
1595 2306 1631 2328 ac
1651 2295 1676 2328 si
1691 2296 1730 2329 de

991 2345 1087 2378 verbo
1113 2346 1151 2378 ad
1177 2346 1322 2385 verbum,
1350 2346 1432 2379 nihil
1458 2347 1587 2390 penitus
1612 2349 1730 2382 omisso

992 2405 1022 2432 et
1048 2399 1151 2432 fornia
1176 2399 1208 2432 in
1233 2399 1298 2432 illis
1325 2399 1441 2433 tradita
1467 2400 1647 2441 observata,
1676 2412 1729 2436 ex-

992 2452 1192 2495 priinerentu
1199 2462 1212 2484 r
1223 2458 1253 2486 et
1268 2453 1500 2495 insererentur,
1511 2454 1625 2488 iisdem
1638 2465 1730 2499 prae-

992 2505 1137 2538 sentibus
1169 2516 1227 2548 pro
1260 2507 1357 2549 plene
1388 2512 1419 2540 et
1450 2506 1652 2541 sufficienter
1676 2520 1729 2542 ex-

992 2557 1111 2601 pressis
1137 2563 1169 2591 et
1193 2558 1323 2592 insertis
1348 2560 1518 2601 habentes,
1544 2560 1609 2594 illis
1648 2562 1728 2595 alias

992 2611 1024 2644 in
1049 2621 1107 2645 suo
1132 2611 1251 2646 robore
1276 2613 1507 2657 permansuris,
1520 2613 1558 2648 ad
1573 2614 1728 2657 praemis-

1657 221 1699 255 65
1745 231 1796 257 An.
1815 231 1845 257 c.
1869 230 1937 258 ¹724
