2170 3147
0 204 40 233 Kn-
55 201 84 230 C.
106 201 174 229 ¹726

180 249 310 282 martias
342 260 426 282 anno
452 250 630 292 Reparatae
656 249 773 282 Salutis
799 259 916 283 MDXLix

181 301 332 344 ingenuis
357 302 483 345 piisque
509 302 698 345 parentibus
725 307 837 341 ortus,
864 301 917 344 qui

180 354 282 387 filium
321 355 467 387 timorem
502 355 555 387 Dei
592 355 790 396 virtutesque
831 353 918 386 chri-

182 406 286 439 stiano
298 407 431 439 homine
446 407 560 449 dignas
581 406 720 439 sollicite
735 406 918 438 docendum

182 464 348 491 curarunt.
375 458 496 497 Quibus
523 458 591 502 ipse
617 458 725 490 animo
752 467 919 495 accensus,

182 512 215 544 in
241 512 374 545 fratrum
399 512 571 551 Minorum,
589 511 642 555 qui
669 521 685 544 a
703 510 842 553 regulari
861 509 922 541 Ob-

183 565 344 598 servantia
367 570 606 608 nuncupantur,
622 574 743 597 sacram
769 563 921 596 familiam

184 618 379 651 adolescens
393 623 564 661 cooptatus
582 622 641 650 est.
668 617 701 649 ln
721 619 758 649 ea
783 616 873 649 miris
894 619 924 648 et

184 671 296 703 multis
331 670 521 704 severioris¹
552 670 742 713 disciplinae
775 668 924 702 christia-

185 733 311 767 naeque
348 722 539 755 humilitatis
573 721 772 764 argumentis
798 721 922 760 eluxit,

186 775 239 808 diu
254 781 416 819 noctuque
431 775 557 808 divinae
568 775 696 817 pietatis
710 774 923 815 assiduaeque

186 828 408 871 poenitentiae
434 827 595 860 exercitiis
626 827 786 867 intentus,
812 826 923 858 beatos

188 880 283 913 etiam
311 881 384 913 illos
410 886 518 923 patres
543 880 757 912 Benedictum
780 883 811 911 et
827 878 925 910 Fran-

187 932 307 965 ciscum
343 933 505 972 imitatus,
532 932 586 974 qui
627 942 660 964 se
700 931 804 963 nudos
841 930 926 962 inter

187 986 461 1029 pungentissimas
498 986 608 1028 spinas
633 985 862 1027 proiecerunt,
893 988 927 1014 ut

188 1049 316 1071 omnem
356 1039 419 1071 vim
459 1048 613 1071 sensuum
653 1037 834 1069 domarent.
873 1035 926 1068 llis

189 1091 326 1134 aliisque
366 1090 541 1134 praeclaris
581 1089 678 1122 animi
720 1089 851 1121 dotibus
890 1098 925 1120 ex

189 1143 257 1176 eius
283 1143 474 1176 admirando
505 1148 619 1176 tenore
645 1143 724 1176 vitae
751 1141 926 1174 identidem

188 1197 449 1240 prodeuntibus,
477 1197 577 1229 sacris
602 1196 670 1239 ipse
696 1195 926 1233 concionibus,

191 1260 269 1293 quas
294 1250 521 1283 ardentissima
554 1250 696 1282 charitas
734 1254 927 1291 ceteraeque

192 1303 326 1336 eximiae
356 1303 490 1335 virtutes
524 1303 555 1334 in
584 1313 622 1334 eo
649 1302 809 1344 fulgentes
834 1311 929 1334 orna-

190 1355 279 1395 bant,
293 1355 414 1388 animas
432 1354 647 1394 lucrifaciens,
668 1354 768 1386 sancti
787 1354 928 1395 elogium

192 1408 312 1450 passim
344 1413 538 1441 consecutus
564 1413 620 1446 est,
654 1407 849 1450 praesertim
874 1405 928 1437 ubi

193 1461 281 1503 aegri
296 1461 389 1503 pueri
416 1461 655 1503 corpusculum,
683 1465 785 1492 totum
814 1458 931 1491 ulceri-

193 1514 253 1545 bus
279 1518 419 1553 tectum,
446 1515 560 1545 amotis
586 1512 693 1545 linteis
710 1540 717 1552 ,
744 1513 890 1545 lambens
910 1509 929 1551 ³,
952 1522 953 1534 ¹

195 1565 322 1598 sanitati
348 1566 498 1598 restitnit.

42 1629 93 1651 Eius
115 1629 184 1666 pieri<
239 1619 254 1662 ἓ
278 1619 309 1651 2.
334 1618 409 1658 Sed,
430 1620 480 1652 lue
498 1619 622 1651 crudeli
644 1624 811 1661 grassante
831 1618 861 1650 in
880 1618 932 1651 lli-

3 1657 184 1704 3320⁹⁸⁵²12¹t22⁰
195 1672 307 1715 spania
335 1671 482 1711 Baetica,
514 1672 686 1705 maximam
713 1683 801 1705 suam
827 1672 932 1704 chari-

3 1712 93 1731 scentes.

197 1730 294 1758 tatem
319 1724 375 1757 Dei
402 1725 540 1758 famulus
566 1725 679 1758 morbo
704 1725 859 1767 pestifero
885 1731 931 1757 ta-

196 1778 403 1811 bescentibus
436 1778 608 1821 patefecit,
642 1778 696 1810 ubi
735 1778 876 1810 humano
902 1782 933 1810 ct

196 1832 354 1874 spirituali
377 1832 493 1865 solatio
522 1832 682 1864 destitutis
711 1833 741 1864 in
773 1834 858 1864 tanta
884 1842 934 1864 ca-

197 1884 340 1917 lamitate
366 1895 461 1928 opem
487 1885 620 1923 laturus,
641 1885 849 1927 pereuntium
867 1885 934 1916 ani-

197 1938 310 1970 mabus
342 1938 606 1981 corporibusque
644 1937 817 1977 curandis,
845 1938 956 1970 nulla*

197 1991 308 2023 mortis
334 1991 506 2023 formidine
533 1991 682 2030 territus,
709 2001 869 2023 summam
899 2001 934 2023 0-

199 2052 311 2085 peram
327 2043 435 2083 dedit;
453 2043 552 2076 immo
570 2049 602 2076 et
626 2043 693 2085 ipse
711 2043 840 2075 mortali
858 2053 932 2075 con-

200 2094 330 2137 tagione
362 2095 499 2128 infectus
536 2100 567 2127 et
601 2105 697 2128 manu
733 2095 787 2127 Dei
821 2105 934 2137 sospes

200 2147 357 2187 redditus,
370 2147 403 2179 in
422 2147 561 2190 pristino
583 2147 762 2180 ministerio
782 2158 883 2190 usque
897 2148 935 2180 ad

202 2200 331 2233 lethalis
357 2200 463 2232 morbi
489 2200 583 2232 tinem
610 2210 644 2232 se
675 2200 812 2232 alacrius
845 2210 937 2233 exer-

202 2262 276 2286 cere
302 2252 458 2295 porrexit.

10 2311 191 2359 affiglssfflilffi
246 2306 260 2347 ᾗ
284 2305 315 2338 3.
345 2305 403 2338 Per
432 2315 489 2337 ora
521 2305 663 2337 omnium
688 2305 796 2338 Solani
822 2306 938 2338 sancti-

10 2352 276 2412 effiffigraus‘gnssatatis
294 2358 376 2390 fama
401 2357 685 2401 percrebescente,
702 2357 749 2388 vir
774 2357 939 2389 modestis—

19 2419 79 2438 uwm-
203 2410 312 2450 simus,
329 2410 382 2454 qui
400 2410 466 2449 Dei,
480 2420 546 2442 non
567 2420 666 2448 suam,
685 2410 820 2451 gloriam
840 2420 938 2452 quae-

203 2465 310 2504 rebat,
337 2473 370 2497 se
394 2463 422 2496 ei
448 2463 529 2496 clam
563 2462 746 2495 subducere
772 2463 935 2505 cogitavit.

241 2537 251 2560 1
275 2533 346 2560 Edit>
368 2533 448 2560 Maia.
470 2532 537 2566 legit
555 2532 672 2560 senioris
691 2532 734 2566 (n.
750 2533 798 2563 τ,).

240 2578 256 2604 2
276 2577 347 2605 Edit.
369 2577 453 2606 Maia.
477 2577 543 2611 legit
565 2576 661 2603 labens
679 2577 717 2611 (a.
734 2579 783 2612 T.).

753 201 946 226 BENEDICTUS
971 202 1028 226 xm
1052 202 1100 226 1³1².

1597 190 1661 224 475
1707 198 1802 226 Aac.
1825 198 1894 226 1726

959 250 1061 289 Quare
1099 251 1240 294 martyrii
1277 260 1336 293 pro
1372 250 1501 283 Christo
1534 247 1698 281 subeundi

961 302 1167 345 percupidus,
1186 303 1269 335 hanc
1294 302 1354 335 sibi
1383 301 1515 344 gratiam
1537 311 1554 333 a
1571 299 1698 333 maiori-

963 355 1020 387 bus
1039 355 1106 387 dari
1135 355 1315 389 humillime
1335 356 1490 397 flagitavit
1519 360 1553 386 ut
1571 355 1601 386 iu
1620 353 1702 386 Afri-

963 417 1030 439 cam
1069 408 1202 440 verbum
1241 408 1294 440 Dei
1333 408 1580 450 praedicaturus
1615 406 1702 438 traii-

964 466 1061 492 ceret.
1090 460 1225 503 Compos
1264 466 1367 492 tamen
1404 460 1464 493 voti
1498 469 1702 502 nequaquam

967 513 1090 551 factus,
1116 513 1179 545 hoc
1206 513 1335 545 tandem
1363 512 1503 544 obtinuit
1529 516 1562 545 ut
1587 512 1624 544 ad
1655 521 1704 543 re-

966 565 1159 598 motissimos
1195 565 1291 597 ludos
1335 565 1519 606 evangelica
1557 563 1705 596 doctrina

967 618 1159 650 imbuendos
1183 628 1255 649 cum
1282 617 1353 650 aliis
1376 617 1464 650 verbi
1491 618 1545 650 Dei
1571 626 1705 660 praeco-

969 671 1061 703 nibus
1080 670 1258 712 navigaret.
1275 670 1462 703 Animarum
1477 671 1612 703 salutem
1627 669 1707 701 mul-

970 723 1009 755 tis
1046 723 1152 765 iisque
1178 722 1375 764 gravissimis
1402 722 1498 755 maris
1535 727 1705 763 terraeque

969 776 1120 819 periculis
1153 776 1199 807 vir
1224 776 1278 808 Dei
1305 776 1517 819 praeferens,
1545 784 1609 807 non
1636 774 1706 806 sine

969 829 1120 871 prodigio
1148 828 1186 860 ad
1212 828 1338 860 vineam
1359 828 1419 860 sibi
1446 838 1461 859 a
1488 827 1623 859 Domino
1653 835 1708 868 pa-

969 887 1069 915 ratam
1095 882 1259 915 laboriose
1286 881 1495 914 excolendam
1522 890 1593 912 cum
1612 878 1709 911 sociis

970 935 1147 978 adplicuit,
1178 940 1277 977 utque
1304 944 1378 967 oves
1405 938 1551 966 errantes
1577 941 1614 964 ex
1641 930 1708 973 lupi

971 987 1117 1020 faucibus
1143 993 1271 1030 ereptas
1295 987 1425 1019 Summo
1454 984 1579 1018 Pastori
1605 994 1710 1016 serva-

972 1046 1031 1079 ret,
1048 1040 1145 1073 nullis
1171 1039 1387 1072 incommodis
1405 1042 1436 1071 et
1461 1037 1578 1080 vigiliis
1597 1046 1711 1079 peper-

972 1094 1027 1126 cit.
1045 1094 1172 1125 Alienas
1188 1103 1358 1125 aerumnas
1369 1102 1442 1124 suas
1457 1096 1555 1130 ratus,
1570 1088 1710 1133 Deique¹

973 1157 1083 1179 amore
1110 1151 1142 1179 et
1166 1146 1304 1189 proximi
1325 1150 1484 1186 aestuans
1502 1144 1614 1186 lingua
1634 1153 1712 1185 gen-

974 1200 1050 1231 tium
1070 1199 1222 1231 divinitus
1242 1199 1397 1241 percepta
1422 1196 1630 1229 suavissimos
1647 1205 1713 1227 scr-

973 1262 1085 1285 mones
1111 1252 1250 1291 liabens,
1277 1251 1330 1283 Dei
1358 1251 1459 1292 gratia
1484 1250 1514 1282 id
1541 1248 1712 1292 praestitit,

974 1312 1009 1338 ut
1033 1305 1173 1344 barbari,
1201 1304 1352 1347 deposita
1378 1303 1522 1342 feritate,
1553 1302 1592 1334 ad
1625 1301 1713 1334 Sola-

973 1369 1049 1391 num
1075 1358 1258 1390 instruendi
1280 1358 1365 1389 ultro
1388 1362 1418 1389 et
1438 1355 1586 1389 certatim
1607 1364 1713 1386 accur-

974 1417 1101 1449 rerent3
1122 1411 1208 1443 unde
1235 1410 1362 1448 factum,
1384 1414 1419 1441 ut
1436 1409 1640 1441 innumeram
1663 1417 1714 1439 eo-

974 1474 1044 1496 rum
1071 1463 1316 1496 multitudinem
1342 1471 1433 1494 sacro
1460 1461 1548 1493 fonte
1575 1469 1712 1502 regene-

976 1521 1061 1549 raret
1078 1544 1085 1556 ,
1122 1516 1200 1548 tanti
1237 1515 1320 1558 apud
1348 1525 1459 1547 omnes
1495 1513 1626 1546 habitus
1646 1539 1653 1553 ‚
1679 1517 1715 1544 ut

975 1570 1044 1611 ipse
1071 1569 1111 1601 ab
1137 1568 1175 1600 iis
1200 1568 1294 1600 facile
1321 1567 1501 1606 obtineret,
1528 1576 1609 1608 quae
1634 1565 1712 1597 alias

975 1631 1153 1664 poenarum
1189 1626 1294 1653 metus
1327 1625 1359 1652 ct
1393 1620 1482 1661 rigor
1518 1624 1713 1660 extorquere

975 1684 1038 1707 non
1058 1679 1221 1717 poterant.
1252 1672 1413 1710 Quantum
1437 1672 1506 1705 eius
1532 1670 1714 1714 praesentia

976 1727 1085 1770 piique
1116 1726 1277 1759 sermonis
1310 1726 1356 1758 vis
1392 1725 1476 1768 apud
1512 1724 1608 1756 Indos
1641 1732 1715 1765 pos-

953 1785 1042 1820 set,
1069 1785 1145 1812 tunc
1178 1779 1314 1811 maxime
1340 1778 1466 1821 patuit,
1493 1786 1590 1819 quum
1615 1776 1715 1807 multa

977 1832 1079 1864 millia
1114 1831 1296 1864 infidelium
1329 1829 1516 1863 christianis
1548 1828 1586 1860 de
1622 1837 1713 1860 more

978 1885 1008 1917 in
1035 1884 1217 1917 dominicae
1244 1882 1405 1915 Passionis
1437 1881 1598 1923 mysteriis
1622 1890 1713 1912 reco-

977 1938 1082 1970 lendis
1110 1938 1188 1970 seria
1215 1948 1231 1968 v
1257 1937 1289 1968 in
1313 1935 1419 1968 Coena
1451 1934 1577 1967 Domini
1603 1939 1712 1966 sancte

978 1990 1163 2033 occcupatis
1203 1994 1372 2021 cruentam
1408 1987 1539 2020 caedem
1565 1987 1627 2019 iam
1651 1985 1714 2018 iam

978 2044 1115 2075 allatura
1141 2042 1208 2084 ipse
1234 2041 1289 2073 Dei
1315 2041 1415 2073 vcrbo
1446 2039 1642 2079 exarmavit,
1669 2038 1716 2071 di-

978 2105 1155 2137 versaeque
1181 2105 1216 2126 ac
1241 2093 1300 2126 sibi
1333 2093 1462 2135 ignotae
1488 2092 1617 2133 linguae
1641 2091 1716 2123 bar-

956 2149 1074 2187 ¹baros
1101 2146 1249 2179 homines
1275 2156 1340 2177 uno
1364 2145 1517 2177 idiomate
1543 2144 1713 2182 allocutus,

978 2210 1044 2232 non
1069 2200 1175 2231 solum
1200 2208 1314 2241 pacem
1332 2197 1441 2235 suasit,
1458 2197 1515 2229 sed
1533 2197 1572 2229 ad
1597 2195 1714 2229 Christi

980 2251 1076 2284 fidem
1093 2261 1192 2293 supra
1207 2261 1320 2283 novem
1336 2249 1439 2282 miliia
1455 2249 1626 2281 convertit.
1644 2248 1716 2281 Per-

978 2305 1105 2346 vulgata
1120 2303 1281 2336 Francisci
1301 2303 1391 2342 fama,
1408 2302 1495 2334 miris
1511 2302 1610 2344 gestis
1627 2301 1716 2333 iden-

981 2357 1078 2389 tidem
1099 2358 1201 2396 aucta,
1219 2356 1287 2398 ipse
1306 2355 1344 2388 ad
1363 2355 1496 2387 latibula
1513 2355 1715 2395 confugiens,

981 2419 1049 2442 eam
1067 2408 1230 2441 declinare
1256 2408 1441 2447 conabatur,
1461 2417 1520 2440 nec
1537 2407 1598 2439 nisi
1616 2407 1716 2440 maio-

981 2472 1050 2495 rum
1077 2461 1215 2504 imperio
1240 2462 1480 2504 obtemperans,
1500 2471 1634 2494 munera
1655 2460 1715 2493 sibi

1019 2532 1027 2557 1
1046 2530 1165 2557 Pessime
1186 2530 1250 2557 edit.
1277 2529 1355 2556 Maia.
1377 2530 1443 2564 legit
1472 2530 1555 2564 eique
1578 2537 1625 2564 pro
1647 2530 1716 2556 Dei-

981 2584 1035 2610 que
1054 2577 1094 2608 (R.
1118 2574 1166 2610 T.).
