2139 3142
175 225 223 252 Ar..
246 226 265 249 C
300 224 366 251 1729
413 215 475 249 85ss

363 274 461 307 vellet
499 279 691 316 perpetuam
729 270 913 303 facultatem
946 267 1109 310 praefecto

364 332 395 359 et
420 325 604 359 definitorio
630 323 837 367 generalibus
869 332 928 364 pro
963 326 1109 364 tempore

364 380 521 411 existente
556 378 630 411 dicti
664 376 794 410 Ordinis
821 373 1017 407 admittendi
1052 373 1110 405 im-

364 437 528 475 posterum
563 431 600 463 ad
632 430 777 462 habitum
814 434 845 461 et
874 426 1109 470 professionem

363 495 581 528 quoscumque
609 484 816 526 presbyteros
850 481 1050 519 saeculareS,
1079 485 1111 512 et

363 538 401 570 ad
428 547 536 570 sacros
561 536 694 569 ordines
719 535 751 568 in
778 535 910 567 saeculo
929 538 1108 576 promotos,

364 591 417 633 qui
436 590 473 623 ad
491 591 553 622 lioc
568 589 678 622 idonei
694 593 917 626 censerentur,
932 586 1109 619 dummodo

365 648 469 677 tamen
496 653 560 676 non
586 642 782 676 excederent
801 650 971 673 munerum
996 638 1111 682 praeti-

364 707 438 729 xuni
475 697 507 728 in
545 695 724 738 praecitata
751 693 865 737 quinta
905 692 1107 732 conditione,

364 760 435 782 cuin
450 754 609 792 potestate
629 748 728 781 etiam
747 746 988 789 subdelegandi
1007 745 1039 778 in
1059 756 1110 778 ea-

365 803 454 836 sibus
476 802 667 835 necessariis
690 801 783 834 istam
805 801 988 833 facultatem
1009 799 1110 833 omni-

363 856 423 889 bus
449 855 673 899 superioribus
701 853 859 888 localibus
885 853 960 886 dicti
983 852 1111 886 Ordinis

363 908 556 951 degentibus
580 908 610 940 in
638 906 749 950 regnis
776 907 923 939 Peruano
950 910 979 939 et
1013 905 1110 939 illexi-

364 972 455 1002 cano,
482 967 513 994 et
539 971 611 994 cum
638 961 792 1003 expressa
819 958 1034 1001 derogatione
1062 969 1112 991 su·

364 1014 500 1058 pradicti
528 1025 598 1058 cap.
616 1024 639 1048 11
664 1024 752 1046 num.
769 1023 813 1046 vu
831 1012 1110 1046 constitutionum‘

366 1068 418 1101 ubi
441 1078 595 1111 expresse
622 1072 763 1107 caretur,
779 1077 819 1099 ne
846 1065 1029 1109 presbyteri
1048 1076 1113 1099 sae-

365 1122 494 1155 culares
521 1128 551 1154 et
577 1121 607 1153 in
631 1119 800 1153 ordinibus
819 1119 919 1152 sacris
944 1118 1111 1152 constituti

366 1176 398 1208 in
425 1174 619 1217 religionem
658 1173 837 1216 praefatam
877 1172 1111 1205 admittamur:

366 1228 526 1262 emanavit
547 1228 585 1260 ab
612 1227 727 1260 eadem
754 1226 1018 1268 Congregatione
1045 1236 1114 1258 car-

366 1282 522 1315 dinalium
546 1281 716 1314 decretum
735 1279 858 1312 tenoris
878 1279 934 1322 qni
957 1278 1113 1322 sequitur,

366 1335 520 1369 videlicet
537 1346 543 1366 :

215 1398 355 1418 mmmmm
405 1391 494 1420 Sacra
523 1388 717 1426 Congregatio
751 1386 1056 1417 eminentissimorum
1088 1390 1116 1416 et

171 1426 281 1450 praedicta
296 1424 354 1449 [th.-
514 1438 518 1443 .
557 1438 562 1443 .
911 1436 916 1440 .
974 1436 979 1441 .

172 1455 294 1477 grunnium,
314 1452 354 1471 in„-
365 1438 682 1469 reverendissimorum
705 1436 811 1467 SJOE.
837 1436 1032 1466 cardinalium
1066 1445 1114 1465 ne-

171 1485 275 1525 ‡,¹2¹,',Ts„,‘⁶
297 1484 452 1526 “¹¹¹³‘g0tiis
471 1491 498 1517 et
511 1485 778 1516 consultationibus
799 1485 1005 1524 episcoporum
1022 1488 1050 1514 et
1071 1493 1116 1514 re-

367 1536 515 1575 gularium
539 1535 717 1575 praeposita,
738 1534 860 1564 attentis
879 1534 1017 1571 narratis,
1042 1534 1115 1563 refe-

368 1588 450 1615 rente
473 1584 707 1614 eminentissimo
730 1582 871 1613 cardinali
890 1582 1020 1620 llelluga,
1046 1592 1115 1612 cen-

369 1634 428 1664 suit
451 1632 689 1669 rescribendum,
710 1636 797 1671 prout
813 1631 979 1670 praesentis
1002 1631 1113 1661 decreti

370 1680 469 1718 vigore
491 1680 618 1718 benigne
642 1678 792 1716 rescribit,
817 1678 871 1707 Pro
891 1679 992 1716 gratia,
1018 1683 1046 1708 ut
1066 1688 1115 1717 pe-

368 1730 449 1757 titur.
475 1727 595 1763 Romae,
619 1726 665 1756 die
688 1734 745 1755 xxx
763 1724 939 1764 septembris
952 1733 1111 1755 iunccxxix.

369 1773 391 1803 l⁴
415 1774 599 1803 meciscrs
622 1772 703 1802 card,
729 1772 870 1801 limaeam.
894 1790 932 1794 -
949 1772 982 1801 Α,
1000 1772 1114 1802 archie-

370 1821 505 1860 piscopus
528 1820 669 1850 Peaexsis
692 1822 796 1849 secret.
821 1819 897 1848 Loco
920 1820 938 1855 †
960 1819 1062 1855 slyz‘lli.

413 1870 427 1912 ᾖ
452 1869 482 1902 Q.
511 1869 586 1902 Cum
614 1868 831 1907 autein‚sicut
850 1868 1006 1911 praedicti
1025 1879 1113 1911 prae-

369 1923 469 1956 fectus
494 1928 524 1955 et
542 1923 727 1954 assistentes
745 1922 912 1964 gmerales
928 1921 1022 1954 nobis
1041 1922 1112 1954 sub-

368 1977 443 2010 inde
481 1976 598 2019 exponi
637 1976 804 2015 fecerunt,
845 1975 906 2017 ipsi
945 1975 1111 2008 decretum

369 2029 564 2069 huiusmodi,
585 2040 649 2072 quo
675 2028 799 2061 firmius
825 2028 982 2061 subsistat
1006 2034 1036 2061 et
1061 2040 1111 2061 cx-

367 2083 469 2117 actius
501 2088 669 2122 serretur,
704 2081 903 2125 apostolicae
940 2080 1111 2114 confirma-

368 2137 467 2170 tionis
509 2142 636 2170 nostrae
685 2135 870 2179 patrocinio
914 2136 1108 2168 communiri

368 2200 575 2233 summopere
615 2189 819 2221 desiderent:
852 2199 921 2229 nos,
947 2189 1035 2231 ipsos
1061 2200 1110 2222 ex-

368 2249 532 2286 ponentes
550 2242 751 2285 specialibus
767 2242 929 2275 t'avoribus
947 2248 979 2275 et
996 2242 1109 2284 gratiis

369 2295 526 2338 prosequi
553 2296 698 2328 volentes
715 2321 722 2335 ,
750 2296 942 2338 illarumque
968 2295 1111 2337 singula-

369 2360 419 2382 res
446 2358 601 2390 personas
621 2359 636 2380 a
656 2347 826 2391 quibusvis
850 2349 1112 2381 excommunica-

368 2402 485 2442 tionis,
515 2401 742 2444 suspensIOnis
762 2407 793 2433 et
817 2401 994 2442 interdicti,
1022 2401 1110 2434 aliis-

369 2465 430 2497 que
452 2455 686 2487 ecclesiasticis
709 2455 888 2495 sententiis,
909 2455 1060 2488 censuris
1081 2461 1112 2488 et

368 2507 501 2551 poenis,
520 2520 535 2539 a
555 2508 622 2540 iure
640 2508 688 2541 vel
707 2508 746 2540 ab
766 2508 908 2549 homine,
927 2508 1038 2552 quavis
1058 2520 1112 2542 oc—

368 2560 499 2592 casione
521 2561 567 2592 rel
586 2562 680 2593 causa
696 2561 780 2600 latis,
802 2561 827 2593 si
847 2561 963 2605 quibus
979 2572 1111 2604 quomo-

369 2610 494 2644 dolibet
519 2610 692 2644 innodatae
717 2612 876 2653 existunt,
898 2613 938 2646 ad
960 2612 1111 2648 effectum

222 1877 358 1897 Cannrniaiio

173 1905 233 1924 relati
249 1905 338 1924 detriti.

961 217 1142 242 BULLARIUM
1169 216 1326 242 ROMANUM

1907 219 1954 244 An.
1975 217 2005 242 C.
2028 217 2092 245 ¹720

1154 265 1374 309 praesentium
1405 265 1572 299 dumtaxat
1607 266 1900 309 consequendum,

1155 319 1272 352 barum·
1302 319 1386 352 serie
1424 319 1632 353 absolventes
1666 326 1699 352 et
1732 319 1899 352 absolutas

1156 372 1224 405 sore
1251 377 1447 412 censentes,
1475 372 1770 416 supplicationibus
1788 382 1900 406 eorum

1155 425 1285 458 nominc.
1311 425 1406 458 nobis
1432 435 1530 468 super
1557 426 1619 458 lioc
1638 425 1804 458 humiliter
1822 436 1898 469 por-

1153 478 1249 511 rectis
1276 479 1436 517 inclinati,
1461 479 1628 512 decretum
1644 479 1896 522 praeinsertuin,

1152 531 1344 564 auctoritate
1370 530 1558 575 apostolica,
1594 537 1708 564 tenore
1745 541 1900 574 praesen-

1155 583 1240 623 tium,
1267 583 1486 626 approbamus
1512 589 1543 616 et
1568 582 1808 622 confirmamus
1835 583 1898 616 illi-

1154 647 1214 680 que
1255 636 1452 669 inviolabilis
1501 635 1697 679 apostolicae
1737 635 1899 668 firmitatis

1154 690 1255 723 robur
1279 689 1459 729 adiicimus,
1485 700 1521 722 ac
1545 699 1660 722 omnes
1693 694 1724 722 et
1749 689 1900 731 singulos

1155 743 1232 776 iuris
1259 749 1290 776 et
1315 743 1387 776 sacti
1413 743 1570 783 desectus,
1603 743 1628 775 si
1661 742 1715 785 qui
1757 742 1901 785 desuper

1155 796 1403 842 quomodolibet
1417 795 1664 834 intervenerint,
1692 795 1898 838 supplemus,

1155 850 1242 882 salva
1269 855 1376 883 tamen
1398 851 1545 892 ‘semper
1575 848 1608 881 in
1632 847 1822 891 praemissis
1846 859 1899 881 au-

1155 903 1301 935 ctoritate
1327 907 1522 935 memoratae
1544 900 1815 945 Congregationis
1833 911 1901 934 car-

1156 956 1325 989 dinalium.

1199 1010 1269 1054 §3
1304 1010 1545 1050 Decernentes,
1583 1009 1670 1053 ipsas
1704 1014 1900 1053 praesentes
1938 1016 2059 1039 Clausulas.

1156 1063 1281 1096 litteras
1315 1062 1436 1102 firmas
1460 1068 1522 1095 etc.
1550 1062 1571 1094 ¹.

1200 1116 1214 1160 g
1235 1117 1266 1149 4.
1294 1115 1363 1149 Non
1382 1116 1590 1149 obstantibus
1609 1115 1900 1150 constitutionibus
1938 1123 2091 1160 §notarium

1156 1175 1188 1202 et
1224 1168 1489 1202 ordinationibus
1521 1168 1730 1212 apostolicis,
1769 1150 2027 1203 necnondmwffl'

1157 1222 1351 1265 praemissis,
1377 1221 1515 1265 aliisque
1531 1221 1607 1255 dicti
1634 1221 1775 1263 Ordinis,
1802 1222 1900 1256 etiam

1157 1275 1357 1315 iuramento,
1381 1281 1444 1308 etc.
1467 1274 1490 1308 ἵ.

1200 1328 1316 1361 Datum
1335 1328 1474 1367 Romae,
1498 1328 1585 1371 apud
1615 1328 1647 1361 S.
1671 1328 1815 1371 Petrum,
1840 1329 1901 1363 sub

1158 1382 1280 1414 annulo
1310 1381 1503 1421 Piscatoris,
1534 1381 1586 1414 die
1611 1391 1670 1415 xxx
1705 1383 1900 1425 septembris

1158 1444 1320 1475 mccxxx,
1345 1434 1556 1478 pontificatus
1590 1434 1694 1467 nostri
1720 1445 1806 1468 anno
1827 1446 1869 1469 v1.

1194 1496 1254 1524 Dat.
1272 1497 1317 1524 die
1329 1496 1363 1524 30
1373 1496 1544 1532 septembris
1562 1497 1645 1531 ¹729,
1667 1496 1763 1532 pontif.
1781 1505 1851 1525 anno
1866 1503 1900 1525 vl.

1425 1613 1634 1648 CCLXXXIX.

1157 1685 1391 1719 Eastencluntur
1416 1685 1543 1718 litterae
1568 1685 1763 1729 apostolicae.
1781 1686 1902 1720 Sancti-

1202 1740 1279 1772 ttttz's
1303 1739 1399 1778 Suae,
1427 1739 1514 1771 alifis
1539 1739 1663 1779 editae,
1683 1740 1770 1772 circa
1794 1740 1902 1773 tertia-

1200 1794 1327 1826 rz'orum
1352 1792 1390 1825 de
1413 1793 1639 1832 Poem'lenlid,
1666 1792 1802 1826 Ordinis
1826 1803 1901 1826 san-

1199 1846 1241 1879 cti
1272 1845 1456 1885 Francisci,
1491 1845 1720 1879 subiectionem
1751 1847 1900 1888 qenerali'

1198 1903 1227 1932 et
1250 1899 1474 1942 superioribus
1498 1898 1708 1942 reyezlaribus
1732 1899 1900 1933 Minorum

1198 1952 1236 1985 de
1262 1952 1493 1992 Obseruantia,
1525 1952 1568 1985 ad
1594 1953 1758 1986 tertiarios
1800 1954 1898 1986 etiam

1197 2006 1381 2039 saeculares
1405 2005 1487 2038 dicei
1514 2005 1618 2039 Tertii
1639 2005 1773 2040 Ordinis
1786 2006 1808 2039 ³.

1332 2077 1515 2105 Benedictus
1538 2077 1618 2112 Papa
1639 2078 1723 2111 xm,

1271 2122 1309 2149 ad
1330 2124 1509 2156 perpetuam
1532 2122 1577 2150 rei
1602 2123 1789 2150 memoriam.

1197 2185 1212 2228 ξ
1237 2184 1268 2216 ’1.
1296 2183 1421 2227 Exponi
1447 2184 1542 2217 nobis
1574 2195 1679 2228 nuper
1711 2184 1786 2218 fecit
1818 2185 2086 2246 dile-fflffirffiugfffi

1153 2243 1222 2270 ctus
1248 2237 1333 2270 tilius
1359 2238 1584 2271 Bonaventura
1620 2237 1748 2271 Gervasi
1786 2249 1896 2281 procu·
1908 2246 2032 2292 praa-‚dieuR
2051 2251 2086 2292 31-

1155 2296 1243 2323 rator
1282 2291 1442 2333 generalis
1479 2291 1615 2323 fratrum
1645 2290 1742 2324 Tertii
1767 2273 2021 2324 Oi·dinisi³‘0'{2⁵2'.⁰¹¹⁹¹
2065 2278 2086 2292 ‘³'

1153 2342 1181 2375 S.
1208 2343 1381 2383 Francisci,
1409 2343 1594 2387 quod‚eum
1623 2343 1772 2377 ministro
1797 2353 1896 2386 gene·

1155 2396 1212 2429 rali
1238 2406 1297 2439 pro
1324 2402 1472 2439 tempore
1498 2395 1646 2429 existenti
1672 2396 1815 2430 eiusdem
1841 2392 1897 2430 Or-

1190 2487 1200 2512 1
1226 2485 1258 2512 Ut
1277 2494 1359 2521 supra
1378 2493 1440 2521 pag.
1461 2485 1508 2512 471
1532 2494 1550 2512 a
1569 2486 1610 2520 (R.
1629 2486 1680 2519 T.).

1188 2531 1204 2557 2
1227 2530 1257 2557 Ut
1277 2538 1360 2566 supra
1380 2538 1440 2566 pag.
1464 2531 1510 2557 47¹
1534 2539 1552 2557 a
1572 2535 1610 2563 (n.
1631 2531 1681 2565 r).

1188 2576 1204 2604 3
1223 2576 1318 2603 Dictae
1338 2575 1445 2603 litterae
1465 2575 1554 2604 editae
1574 2575 1683 2604 suerunt
1700 2582 1834 2612 mucan,
1852 2575 1895 2603 die

1155 2622 1187 2650 ¹0
1206 2620 1371 2654 decembris,
1391 2619 1489 2656 pontif.
1510 2626 1537 2648 u.
