2170 3147
209 174 257 200 Αη.
276 172 304 200 e.
328 173 395 201 1728
441 162 506 196 644

262 1725 396 1746 confirmatio

215 1751 276 1773 relati
292 1752 379 1773 decretis

407 221 621 253 cardinalium
660 219 758 252 sacris
796 218 913 252 ritibus
949 219 1153 262 praeposito-

413 284 482 306 rum
504 301 510 313 ‚
550 274 587 306 ad
628 272 901 317 supplicationem
943 272 1052 306 dilecti
1093 271 1149 306 filii

412 327 560 360 Norbcrti
584 327 720 359 illattens
738 327 961 370 procuratoris
987 326 1151 369 generalis

408 379 537 412 Ordinis
563 379 799 412 canonicorum
833 379 1030 422 regularium
1056 379 1151 412 Prae-

408 434 716 473 monstratensium,
742 433 912 466 decretum
948 433 1070 466 tenoris
1096 433 1149 476 qui

406 486 569 528 sequitur,
595 485 773 519 videlicet:

445 539 516 569 Cum
550 548 583 568 ex
619 542 700 578 parte
733 538 824 578 patris
857 539 993 569 Norberti
1028 539 1150 569 Mattens

406 587 524 618 Ordinis
557 588 766 617 canonicorum
801 588 981 626 regularium
1015 588 1151 618 Praemo-

406 636 594 666 stratensium
612 637 812 674 procuratoris
828 637 985 674 generalis,
1010 646 1062 676 pro
1084 646 1151 667 con-

406 685 567 714 tinuatione
584 685 612 714 in
630 688 780 724 posterum
796 685 940 715 recitandi
960 686 989 715 in
1012 686 1150 715 universo

407 743 459 763 suo
478 732 588 763 Ordine
611 733 704 762 officia
728 737 896 763 sanctorum
924 743 974 763 seu
998 734 1150 764 beatorum

407 782 538 812 eiusdem
561 781 680 812 Ordinis
695 807 702 820 ,
727 783 840 812 scilicet
862 783 893 813 B.
915 783 1063 813 Godefridi
1085 793 1151 814 con-

408 831 546 867 fessoris,
572 832 601 860 S.
625 831 749 861 Gilberti
783 831 916 869 abbatis,
952 832 983 862 B.
1008 832 1150 862 Friderici

406 879 540 917 abbatis,
577 880 608 910 Il.
635 880 793 910 llermanni
828 881 929 921 Ioseph
963 882 1149 919 confessoris,

406 929 435 959 S.
460 928 574 959 Gerlaci
597 929 738 959 eremitae
760 934 787 959 et
809 930 1000 969 confessoris,
1024 931 1056 961 B.
1081 930 1151 961 Gcr-

407 978 504 1008 trudis
522 978 654 1016 virginis
671 983 697 1008 et
715 979 746 1008 S.
762 978 855 1009 Siardi
873 980 1060 1016 confessoris,
1077 989 1151 1018 quae

407 1036 422 1057 a
445 1028 537 1057 multo
565 1032 695 1067 tempore
727 1028 755 1057 in
785 1029 936 1058 communi
969 1032 998 1058 et
1029 1029 1150 1068 antiquo

406 1077 477 1107 dicti
499 1077 616 1108 Ordinis
639 1077 798 1117 breviario,
822 1082 908 1118 prout
930 1079 1086 1117 asseritur,
1106 1079 1150 1108 in-

406 1130 483 1156 serta
524 1126 729 1166 reperiuntur,
763 1136 878 1157 necnon
912 1136 965 1166 pro
999 1128 1151 1157 sanatione

407 1175 536 1204 omnium
559 1178 588 1204 et
617 1175 801 1213 singulorum
830 1175 996 1206 defectuum
1020 1176 1049 1206 in
1070 1186 1151 1215 prae-

406 1223 484 1253 dicta
507 1223 668 1253 insertione
692 1224 788 1254 forsan
811 1224 1010 1262 incursorum⁷
1027 1225 1152 1254 sanctis-

405 1272 479 1301 simo
512 1273 631 1302 domino
665 1278 765 1303 nostro
797 1274 955 1304 Benedicto
983 1274 1058 1314 Papa
1088 1274 1150 1303 XIII

407 1322 571 1351 humillime
587 1322 783 1361 supplicatum
801 1323 902 1352 suerit:
918 1323 1064 1353 Sanctitas
1079 1323 1148 1361 Sua,

407 1370 640 1409 quibuscumque
659 1371 935 1408 constitutionibus,
960 1372 1152 1402 ordinationi-

407 1418 461 1448 bus
484 1423 511 1448 et
534 1419 660 1448 decretis
682 1419 711 1448 in
735 1420 914 1450 contrarium
931 1420 1150 1460 quomodolibet

406 1467 630 1506 disponentibus
653 1468 773 1497 minime
796 1468 996 1507 obstantibus,
1026 1469 1151 1499 oratoris

407 1515 555 1545 instantiis
576 1516 655 1546 iuxta
687 1516 775 1555 petita
799 1517 924 1556 benigne
951 1518 1066 1548 annuit.
1101 1518 1151 1548 Die

408 1573 465 1594 xxn
489 1565 615 1594 ianuarii
638 1573 818 1595 MDCCXXVIII.
834 1584 871 1588 —
887 1566 920 1595 N.
939 1566 1019 1596 card.
1033 1566 1149 1597 Coscm.

408 1613 441 1642 N.
466 1614 502 1643 M.
526 1614 672 1644 Tmucscnr
695 1615 825 1654 archiep.
852 1615 1030 1654 Apamenus‚
1055 1625 1151 1645 sacro-

409 1672 472 1692 rum
497 1663 606 1693 ritmun
630 1664 870 1702 Congregationis
893 1665 1078 1695 secretarius.

453 1718 467 1760 ξ
493 1716 522 1749 ⁶2.
549 1717 625 1750 Cum
652 1723 758 1750 autem
780 1746 786 1757 ‚
814 1718 896 1751 sicut
929 1719 1033 1751 dictus
1071 1719 1152 1752 Nor-

408 1770 519 1803 bcrtus
546 1770 641 1802 nobis
667 1770 808 1804 subinde
834 1772 952 1814 exponi
975 1772 1059 1812 fecit,
1081 1771 1151 1815 ipse

409 1824 577 1856 decretum
604 1824 809 1864 huiusmodi,
837 1835 903 1867 quo
930 1824 1056 1857 firmius
1077 1825 1152 1857 sub-

408 1876 525 1916 sistat,
563 1877 765 1920 apostolicae
804 1878 1064 1911 confirmationis
1095 1889 1152 1911 no-

410 1935 493 1962 strae
520 1931 700 1973 patrocinio
726 1931 923 1964 communiri
945 1942 1153 1974 summopere

411 1984 597 2018 desideret:
622 1995 692 2024 nos,
712 1986 887 2028 specialem
915 1986 975 2029 ipsi
994 1986 1154 2020 Norberto

412 2040 549 2081 gratiani
579 2040 685 2072 facere
712 2042 869 2081 volentes,
898 2052 1035 2085 eumque
1054 2042 1154 2085 aqui—

410 2093 519 2125 husvis
557 2094 928 2134 exeornimmicationis‚
967 2095 1155 2137 suspensio-

410 2146 459 2179 nis
485 2152 516 2179 et
541 2147 726 2186 interdicti,
754 2148 892 2191 aliisque
919 2148 1155 2181 ecclesiasticis

410 2201 594 2240 sententiis,
614 2201 763 2233 censuris
782 2207 812 2233 ct
835 2201 963 2244 poenis,
982 2213 998 2234 a
1016 2202 1086 2235 iure
1107 2203 1155 2235 rel

409 2254 448 2286 ab
474 2254 623 2294 homine,
644 2255 756 2298 quavis
781 2255 957 2289 occasione
982 2257 1032 2289 vel
1059 2259 1156 2289 cansa

409 2307 494 2346 latis,
516 2307 540 2339 si
568 2308 687 2350 quibus
706 2309 962 2351 quomodolibet
977 2309 1155 2343 innodatus

411 2360 533 2397 existit,
558 2360 595 2392 ad
623 2361 773 2394 ellectum
805 2362 1032 2405 praesentium
1058 2363 1153 2396 dum-

412 2418 497 2445 taxat
523 2416 816 2457 consequendum,
842 2416 956 2448 harum
983 2417 1067 2450 serie
1100 2417 1154 2449 ab·

411 2466 581 2510 solventes*
599 2472 627 2499 et
654 2468 840 2500 absolutum
867 2469 953 2509 sore,
982 2475 1153 2503 censentes

411 2519 707 2563 supplicationibus
732 2521 802 2554 eius
827 2522 958 2555 nomine
984 2523 1079 2556 nobis
1102 2533 1154 2555 su-

410 2583 470 2617 per
488 2572 548 2606 boc
568 2573 735 2605 humiliter
753 2576 913 2616 porrectis
933 2576 1088 2617 inclinati,
1101 2577 1152 2610 de-

993 169 1172 195 BULLARIUM
1197 169 1351 195 ROMANUM

1939 171 1990 200 An.
2006 171 2035 200 C.
2057 173 2124 202 1728

1195 225 1317 252 cretum
1337 219 1583 263 praeinseitum,
1599 221 1790 255 auctoritate
1810 225 1937 265 aposto-

1196 273 1270 313 lica,
1309 279 1422 307 tenore
1448 275 1690 317 praesentium,
1717 274 1937 318 approbamus

1195 331 1226 359 et
1243 325 1487 368 confirmamus,
1506 327 1620 371 illique
1641 326 1839 360 inviolabilis
1859 337 1938 371 apo-

1195 380 1327 413 stolicae
1347 380 1509 413 firmitatis
1526 382 1624 414 robur
1642 380 1831 414 adiicimus:
1851 382 1936 414 salva

1196 438 1303 467 tamen
1328 444 1459 478 semper
1481 435 1513 467 in
1538 433 1727 478 praemissis
1746 434 1936 468 auctoritate

1194 487 1381 530 praedictae
1408 487 1680 530 Congregationis
1707 486 1934 520 cardinalium.

1237 541 1251 584 ἓ
1276 540 1307 573 3.
1336 541 1569 581 Decernentes‚
1592 540 1721 574 easdem
1747 546 1936 584 praesentes
1974 552 2093 575 Clausulas.

1194 594 1317 627 litteras
1343 605 1475 638 semper
1501 595 1627 635 firmas,
1654 593 1740 627 etc.¹

1239 648 1253 690 g
1278 647 1309 681 li.
1337 647 1405 681 Non
1425 648 1630 681 obstantibus
1648 648 1936 682 constitutionibus
1974 659 2129 690 Contrariorum

1195 706 1226 734 et
1245 701 1508 734 ordinationibus
1534 700 1735 744 apostolicis,
1755 702 1936 745 ceterisque
1947 686 2067 713 ‘mmmm'

1195 754 1364 788 contrariis
1391 754 1662 798 quibuscumque.

1240 808 1351 841 Datum
1363 808 1494 848 Romae,
1510 807 1595 851 apud
1610 807 1641 840 S.
1656 807 1796 848 Petrum,
1809 808 1868 841 sub
1887 818 1936 841 an·

1195 862 1273 894 nulo
1284 861 1468 900 piscatoris,
1484 861 1535 893 dic
1550 870 1605 894 vul
1618 860 1724 893 martii
1736 870 1937 901 MDccxxvni,

1195 914 1403 958 pontificatus
1429 915 1530 948 nostri
1558 925 1643 948 anno
1670 926 1713 949 iv.

1232 976 1288 1003 Dat.
1312 976 1354 1003 die
1374 976 1390 1002 8
1411 977 1501 1004 martii
1524 976 1608 1010 1728,
1630 977 1726 1012 pontif.
1748 985 1818 1005 anno
1839 984 1876 1004 iv.

1485 1120 1639 1153 CCXVIII.

1194 1200 1425 1234 Instituuntur
1456 1201 1603 1244 quinque
1633 1200 1840 1240 consiliarii,
1874 1200 1940 1233 sive

1238 1255 1328 1294 socii,
1353 1266 1390 1287 ac
1414 1255 1584 1287 secretarii
1607 1254 1772 1297 (leucrates
1789 1281 1798 1294 ,
1827 1264 1866 1286 επ
1891 1253 1940 1286 di-

1238 1309 1338 1341 versis
1358 1308 1548 1341 nationibus
1564 1307 1717 1350 elipandi,
1737 1318 1798 1350 pro
1816 1306 1941 1341 Ordine

1241 1361 1493 1395 Carmelilurum
1507 1360 1530 1394 ξ’.

1371 1441 1556 1469 Benedictus
1578 1442 1657 1475 Papa
1677 1441 1762 1473 XIII,

1336 1487 1372 1512 ad
1392 1486 1528 1512 futuram
1549 1486 1593 1513 rei
1613 1485 1799 1513 memoriam.

1240 1557 1413 1591 Pastoralis
1438 1556 1555 1596 officii,
1583 1557 1669 1599 quod
1704 1560 1837 1589 auctore
1870 1556 1936 1589 Do·
1979 1564 2100 1586 Emi-dium.

1195 1611 1283 1644 mino
1310 1611 1481 1653 gerimus,
1507 1610 1694 1643 sollicitudo
1722 1610 1879 1653 postulat,
1905 1614 1941 1642 ut

1196 1663 1278 1697 selici
1315 1674 1543 1707 prosperoque
1580 1662 1843 1696 christifidelium
1881 1663 1940 1695 sub

1195 1718 1283 1750 suavi
1311 1717 1482 1759 religionis
1508 1717 1583 1759 iugo
1610 1716 1869 1759 mancipatorum
1896 1727 1941 1748 re-

1196 1771 1307 1813 gimini
1336 1775 1367 1803 ct
1393 1770 1570 1812 gubernio,
1599 1776 1754 1813 quantum
1780 1781 1852 1802 cum
1879 1770 1940 1803 Do-

1196 1824 1284 1857 mino
1310 1834 1498 1867 possumus,
1519 1823 1688 1867 providere
1717 1823 1834 1866 iugiter
1857 1828 1941 1856 sata-

1197 1889 1320 1921 gamus.

1241 1933 1310 1975 gl.
1338 1932 1384 1964 Ad
1417 1933 1622 1975 praeclarum
1657 1931 1767 1974 itaque
1805 1931 2134 1990 “mmmiiissiiiiiiiiiupssissss

1198 1988 1231 2019 Γ).
1261 1986 1376 2019 Mariae
1402 1987 1440 2019 dc
1467 1986 1571 2018 Monte
1599 1985 1747 2018 Carmelo
1773 1979 2007 2026 Oi·dineni‚pr10‘-

1197 2051 1294 2084 quem
1320 2040 1477 2084 peculiari
1515 2040 1717 2084 apostolieae
1755 2039 1940 2073 dilectionis

1198 2093 1430 2137 prusespiimur
1456 2092 1595 2131 :ittet-iu,
1622 2098 1776 2136 paternae
1803 2093 1942 2136 dirigen-

1200 2153 1246 2181 tes
1273 2147 1544 2180 considerationis
1572 2147 1746 2186 intuitum,
1779 2146 1941 2190 simulque

1199 2201 1406 2234 attendentes
1443 2200 1565 2233 salubri
1603 2199 1750 2232 eiusdem
1783 2198 1913 2232 Ordinis
1934 2226 1941 2239 ,

1199 2254 1355 2298 illiusque
1384 2254 1519 2287 fratrum
1545 2253 1736 2294 directioni,
1764 2253 1942 2296 regularis·

1199 2319 1260 2352 que
1288 2307 1366 2340 inibi
1389 2307 1584 2350 disciplinae
1603 2306 1846 2340 conservationi
1865 2316 1942 2339 con-

1199 2361 1340 2395 ducibile
1367 2362 1456 2399 fore,
1490 2360 1514 2393 si
1543 2360 1574 2392 in
1601 2360 1687 2392 dicto
1713 2359 1851 2401 Ordine,
1886 2359 1941 2392 ubi

1236 2453 1244 2477 1
1270 2452 1305 2477 Ut
1325 2451 1350 2477 in
1372 2458 1433 2485 pag.
1456 2449 1582 2484 praeced.
1603 2456 1642 2477 in.
1661 2449 1710 2482 r).

1232 2496 1249 2521 2
1271 2495 1306 2521 Ile
1326 2498 1444 2530 quatuor
1464 2492 1653 2520 assistentibus
1673 2492 1850 2527 generalibus
1870 2493 1940 2520 eius-

1197 2539 1259 2566 dem
1281 2539 1406 2572 Ordinis,
1436 2538 1497 2564 vide
1526 2537 1678 2565 Innocentii
1699 2536 1763 2571 xit,
1786 2541 1870 2564 const.
1892 2537 1936 2565 ed.

1198 2590 1351 2618 iincxcxin,
1374 2584 1417 2611 die
1437 2583 1472 2611 30
1491 2583 1595 2617 augusti
1613 2604 1618 2616 ,
1641 2581 1736 2616 pontis.
1760 2588 1811 2609 riu.
