2170 3147
5 165 52 192 Aa.
70 163 100 190 C.
122 162 191 190 1728

14 639 140 664 Quibusdam
154 639 180 659 do

1 668 70 686 tausis
91 671 180 685 couvi-n-

1 695 32 713 tus
73 692 163 712 Atsauao

1 724 13 739 ο
23 719 48 737 ini
63 718 88 737 de
97 717 170 742 pruiin

0 746 32 764 «ii
61 744 166 764 Hvlvetict·

0 771 26 791 ab
37 776 61 790 ea
74 772 179 795 sagro-,zati

0 798 21 816 et
35 796 54 816 in
63 796 179 816 custo-tiam

1 822 109 848 quamdam
135 828 181 842 ere-

0 851 36 869 cli.

192 221 262 243 rum
280 208 527 247 institutionem,
542 208 713 251 providere
733 208 927 247 studeamus,

791 159 985 184 BENEDICTUS
1011 159 1065 183 xttl
1091 159 1138 182 1¹1¹.

973 218 1128 250 expresso
1155 206 1269 240 haberi
1296 207 1453 245 volumus,
1479 204 1611 238 uberius
1636 214 1710 237 con-

193 263 274 295 sicut
298 261 483 294 sublimium
511 261 698 303 principum
724 261 762 293 de
787 261 929 293 Ecclesia
974 261 1104 293 tinetur.

191 314 246 347 Dei
271 314 391 356 optime
417 313 607 345 meritorum
639 318 713 345 rota
738 313 926 355 postulant,

190 377 236 406 ae,
259 376 380 406 rerum,
405 371 605 408 temporum,
627 366 775 398 locorum
801 370 831 398 et
856 375 930 407 pcr-

191 429 341 451 sonarum
367 417 576 460 qualitatibus
602 422 726 450 mature
748 418 928 460 perpensis,

191 471 230 504 ad
255 470 489 513 omnipotentis
522 470 578 502 Dei
615 470 752 512 gloriam
789 475 819 502 et
856 470 930 501 reli-

190 523 296 566 gionis
335 523 571 555 incrementum
611 527 708 564 atque
751 521 929 554 animarum

191 577 327 608 salutem
345 574 499 617 expedire
517 574 548 606 in
567 574 701 606 Domino
720 573 926 606 arbitramur.

235 627 306 670 gi.
333 627 469 659 Nomine
505 625 666 668 siquidem
703 625 859 658 carissimi
896 625 928 657 in

176 680 317 713 ‚Christo
343 679 399 712 filii
426 679 524 712 nostri
551 678 703 711 Ludovici
728 678 926 710 Francorum

174 728 276 774 {regis
301 731 559 764 christianissimi
584 730 679 763 nobis
704 740 807 773 nuper
832 740 929 772 expo-

192 785 287 818 situm
318 785 392 824 suit,
426 784 531 827 quod,
562 794 632 816 eum
661 783 826 826 proviticia
855 783 929 815 ilel-

192 837 295 870 vetica
319 837 447 869 OrdInis
480 837 614 869 fratrum
640 836 796 868 MInorum
827 835 928 868 sancti

191 889 352 922 Francisci
375 889 633 931 Capuccinorum
656 892 926 929 nuncupatorum,

191 952 273 984 quae
306 941 518 974 conventibus
553 943 586 974 in
618 940 713 972 variis
749 939 927 972 ditionibus

192 994 262 1027 sitis
279 994 458 1033 constabat,
477 993 562 1025 iuter
578 993 656 1025 alios
675 998 850 1025 conventus
869 993 929 1024 liu-

191 1046 340 1085 iusmodi,
360 1045 457 1078 etiam
478 1045 551 1078 illos
577 1046 849 1088 complecteretur
874 1044 928 1086 qui

190 1099 223 1131 in
258 1098 377 1131 Alsatia
413 1098 558 1131 dominio
593 1097 738 1130 eiusdem
776 1097 929 1130 [arderici

190 1151 276 1194 regis
302 1150 562 1183 christianissimi
588 1150 747 1189 subsunt,
776 1149 930 1192 multipli-

191 1205 306 1247 ciaque
332 1203 535 1236 incommoda
559 1214 595 1235 ae
621 1202 814 1235 detrimenta
838 1212 930 1245 prac-

190 1257 262 1289 satis
280 1256 491 1290 conventibus
509 1255 648 1288 Alsatiae
675 1265 851 1297 corumque
875 1255 931 1287 sra-

191 1310 293 1342 tribus
319 1309 394 1342 inde
420 1314 515 1341 enata
545 1308 697 1347 fuissent,
723 1318 758 1340 ac
792 1307 929 1350 proinde

191 1362 267 1394 dicti
294 1362 408 1394 fratres
433 1360 616 1394 definitorio
642 1359 774 1404 capituli
797 1370 932 1402 genera-

190 1415 229 1448 lis
256 1414 358 1458 ipsius
384 1413 512 1447 Ordinis
538 1414 569 1446 in
597 1415 681 1446 alma
708 1413 791 1445 Urbe
817 1416 930 1446 nostra

190 1466 366 1500 novissime
388 1465 543 1498 celebrati
562 1465 789 1508 exposuissent
806 1466 930 1499 nullum

191 1519 279 1552 aliud
304 1518 464 1551 efficacius
491 1518 674 1551 huiusmodi
710 1518 836 1550 damnis
863 1528 931 1551 sar-

191 1571 316 1605 ciendis
341 1571 477 1614 aliisque
499 1571 530 1602 in
552 1576 720 1613 posterum
746 1571 929 1603 avertendis

192 1623 375 1657 remedium
400 1629 588 1666 suppetere,
608 1633 702 1666 quam
727 1623 812 1666 quod
838 1634 931 1666 prae-

191 1676 267 1709 dicti
290 1686 402 1709 eorum
427 1681 602 1708 conventus
621 1675 762 1708 Alsatiae
782 1685 845 1708 non
864 1686 931 1708 mo—

191 1729 232 1762 do
265 1730 305 1762 ab
331 1728 508 1761 Helveticis
533 1729 629 1771 plane
662 1733 931 1771 segregarentur,

191 1781 248 1814 scd
274 1781 369 1814 etiarn
395 1781 428 1813 in
453 1791 566 1813 novam
601 1780 801 1823 provinciam
828 1781 931 1822 erige-

192 1838 325 1872 rentur,
352 1832 575 1866 definitorium
601 1833 732 1876 capituli
767 1833 931 1875 generalis

192 1885 347 1928 praedicti
373 1885 424 1918 die
447 1895 505 1918 xxv
530 1885 608 1918 iunii
634 1895 780 1919 iinccxxv
805 1886 932 1918 censuit

193 1943 290 1981 atque
316 1938 471 1977 decrevit,
491 1943 523 1970 ut
540 1938 616 1971 dieti
642 1944 818 1971 conventus
845 1939 933 1971 Alsa-

196 1990 258 2022 tiae
275 1990 400 2032 abipsa
423 1990 590 2032 provincia
615 1990 777 2023 llelretica
802 1990 932 2033 penitus

195 2049 226 2076 ct
252 2042 395 2076 totaliter
419 2049 668 2086 separarentur,
688 2054 743 2082 ac,
770 2049 932 2086 tamquam

195 2095 341 2130 custodia
365 2106 382 2128 a
407 2096 552 2138 praefata
583 2096 748 2139 provincia
771 2096 933 2129 llelvetica

196 2149 227 2182 in
253 2153 419 2191 posterum
445 2148 679 2191 independens,
699 2159 757 2192 pro
776 2154 860 2188 tune,
881 2149 934 2182 do-

195 2212 256 2234 nec
276 2200 488 2233 sufficientem
506 2211 541 2233 ae
559 2201 778 2234 necessarium
801 2202 933 2234 fratrum

195 2259 227 2286 et
247 2258 462 2286 conventuum
488 2263 658 2286 numerum
684 2253 843 2294 haberet,
872 2254 932 2286 soli

194 2305 344 2338 ministro
371 2306 514 2348 generali
553 2306 696 2339 eiusdem
722 2305 850 2338 Ordinis
877 2306 934 2338 im-

195 2358 335 2391 mediate
360 2358 575 2398 subiacerent,
602 2364 633 2392 et
657 2359 754 2400 alias,
778 2364 876 2402 prout
901 2359 932 2391 in

196 2412 326 2445 decreto
350 2411 527 2445 definitorii
545 2412 677 2455 capituli
693 2412 854 2455 generalis
874 2412 934 2444 liu-

195 2464 334 2498 iusrnodi
359 2464 501 2508 desuper
532 2465 619 2499 edito
636 2492 643 2506 ‚
670 2465 758 2498 cuius
785 2471 931 2498 tenorem

194 2516 418 2561 praesentibus
444 2527 503 2561 pro
540 2518 636 2562 plene
673 2523 704 2552 et
737 2517 955 2559 sufficienter¹

1016 313 1030 355 ἓ
1056 311 1085 344 Q.
1115 311 1192 344 Cum
1218 317 1342 349 autem,
1369 310 1451 343 sicut
1476 310 1587 343 eadem
1613 319 1709 352 expo·
1721 320 1763 365 eat:
1765 319 1903 364 ³5⁶?⁵'³‘'⁰

974 365 1047 398 sitio
1065 365 1296 406 subiungebat,
1316 375 1374 407 pei
1396 375 1489 397 enarr
1493 369 1576 396 atam
1603 363 1711 406 piovi-
1721 351 1744 397 f.-

974 418 1115 456 sionem,
1141 427 1158 449 a
1184 417 1369 449 delinitorio
1400 416 1473 449 dicti
1500 415 1630 458 capituli
1657 378 1791 457 gimo-“i

974 470 1106 509 neralis,
1132 469 1216 501 sicut
1240 469 1466 512 praemittitur,
1493 474 1630 511 captam,
1655 469 1712 500 mi-

974 524 1061 555 nime
1087 522 1182 554 statui
1216 532 1251 554 ac
1277 521 1448 564 religiosae
1486 520 1711 564 tranquillitati

974 575 1195 617 praefatorum
1222 574 1355 605 fratrum
1375 579 1406 605 et
1423 578 1638 606 conventuum
1661 573 1712 605 Al-

974 627 1073 659 satiae
1098 636 1332 669 usquequaque
1350 627 1530 658 consultum
1549 626 1605 665 sit·,
1625 635 1712 667 prae-

974 679 1058 711 dicta
1084 689 1159 711 vero
1192 678 1335 711 custodia
1367 678 1518 710 undecim
1555 678 1593 710 ad
1620 688 1713 720 prae-

974 741 1048 763 sens
1085 736 1264 763 conventus
1302 735 1333 762 et
1369 735 1509 772 quatuor
1545 728 1711 772 hospitia,

974 793 1100 815 necnon
1125 783 1243 824 singuli
1270 787 1449 815 conventus
1475 782 1644 824 religiosos
1669 793 1713 814 re·

974 835 1076 877 gulari
1110 834 1336 867 observantiae
1369 839 1400 866 et
1433 834 1621 876 disciplinae
1655 845 1713 866 nu-

973 897 1062 920 mero
1080 886 1278 919 sufficientes
1304 886 1461 925 habeant·y
1479 898 1515 918 ac
1540 886 1571 918 in
1594 886 1713 919 Ordine

974 940 1119 982 praefato
1144 939 1254 981 plures
1279 939 1486 981 reperiantur
1510 939 1711 981 provinciae,

974 1002 1110 1034 quarum
1144 990 1273 1033 aliquae
1300 990 1435 1030 minori,
1461 991 1543 1024 aliae
1569 991 1655 1033 pari,
1682 996 1714 1022 ct

974 1043 1148 1075 nonnullae
1167 1053 1232 1075 non
1250 1043 1353 1075 multo
1372 1043 1487 1075 maiori
1512 1053 1606 1085 quam
1626 1053 1714 1085 prae·

975 1096 1038 1129 sato
1057 1100 1275 1128 conventuum
1294 1106 1430 1128 numero
1452 1095 1711 1134 constituuntur,

975 1149 1104 1190 duoque
1123 1159 1158 1180 cx
1178 1147 1270 1180 dictis
1289 1148 1451 1190 hospitiis,
1466 1153 1577 1190 utpote
1596 1148 1627 1180 in
1645 1148 1714 1190 qui-

974 1202 1033 1233 bus
1052 1201 1126 1233 satis
1143 1200 1206 1233 est¹
1225 1200 1468 1243 religiosorum,
1488 1201 1516 1232 in
1535 1206 1713 1233 conventus

976 1255 1127 1287 formales
1141 1253 1235 1286 facile
1251 1253 1331 1295 erigi
1345 1253 1486 1293 valeant,
1503 1258 1544 1293 et,
1559 1253 1584 1285 si
1599 1253 1712 1286 fratres

975 1306 1110 1339 Helvetii
1126 1317 1196 1339 cam
1213 1316 1322 1338 euram
1341 1305 1560 1348 praefatorum
1578 1316 1715 1338 conven-

976 1365 1062 1391 tuum
1089 1359 1121 1391 in
1147 1359 1269 1391 ditione
1294 1358 1436 1391 eiusdem
1454 1358 1604 1391 Ludovici
1630 1358 1714 1401 regis

974 1411 1233 1444 christianissimi
1265 1411 1471 1443 existentium
1505 1421 1541 1443 ac
1577 1410 1609 1442 in
1639 1411 1715 1443 llcl-

973 1464 1056 1497 vctia
1080 1464 1261 1507 positorum
1289 1463 1486 1506 gessissent,
1513 1464 1607 1496 etiam
1627 1469 1715 1496 ante-

975 1517 1035 1550 hae
1070 1517 1148 1559 erigi
1185 1517 1396 1560 potttIssent;
1436 1516 1550 1559 hisque
1581 1517 1715 1549 accedat

974 1569 1061 1613 quod
1086 1569 1119 1601 in
1145 1569 1290 1602 custodiit
1308 1569 1462 1612 praefata,
1480 1570 1563 1602 ultra
1583 1569 1715 1601 novitia-

975 1629 1055 1662 tum,
1075 1622 1130 1654 ubi
1156 1622 1403 1665 (piatuordeeim
1430 1621 1539 1654 novitii
1558 1621 1713 1654 continuo

975 1676 1166 1716 retinentur,
1186 1685 1220 1707 ac
1238 1684 1375 1718 quorum
1400 1684 1553 1706 numerus
1581 1684 1715 1716 augere-

977 1734 1037 1767 tur,
1058 1727 1082 1759 si
1098 1738 1156 1770 per
1174 1727 1358 1759 ministrum
1377 1726 1606 1769 provincialem
1627 1737 1715 1768 rege-

976 1785 1076 1819 retur,
1100 1779 1331 1823 philosophiae
1350 1784 1381 1812 et
1398 1789 1508 1811 sacrae
1531 1779 1714 1821 theologiae

975 1833 1083 1866 studia
1119 1832 1270 1874 vigeant,
1297 1832 1451 1875 quodque
1488 1831 1573 1864 intra
1610 1832 1715 1865 dictae

976 1886 1143 1919 custodiae
1168 1885 1284 1918 limites
1302 1885 1389 1918 illius
1407 1885 1522 1917 fratres
1539 1885 1578 1917 ad
1598 1885 1714 1918 victum

977 1944 1007 1971 et
1024 1939 1174 1971 vestitum
1201 1938 1382 1971 necessaria
1408 1937 1545 1977 abunde,
1567 1948 1626 1970 nec
1650 1949 1715 1970 ma-

977 2002 1040 2034 gno
1055 1992 1177 2030 labore,
1194 2001 1229 2023 ex
1249 1991 1496 2033 quaestuatione
1515 2001 1552 2023 ae
1569 1991 1713 2024 fidelium

977 2044 1170 2077 liberalitate
1196 2049 1313 2085 parent
1338 2048 1370 2075 et
1393 2043 1576 2076 inveniant:
1596 2043 1714 2086 quibus

977 2096 1113 2139 aliisque
1133 2095 1284 2138 gravibus
1302 2096 1483 2129 rationibus
1500 2096 1712 2129 consideratis

977 2148 1150 2191 plurimum
1184 2147 1338 2190 expedire
1366 2147 1509 2187 videtur,
1535 2148 1713 2182 custodiam

977 2200 1154 2244 praefatam
1186 2200 1217 2232 in
1246 2200 1445 2243 provinciam
1479 2200 1583 2243 erigi:
1618 2201 1713 2234 nobis

977 2258 1152 2296 propterea
1177 2253 1322 2286 eiusdem
1348 2253 1502 2286 Ludovici
1537 2253 1622 2296 regis
1653 2265 1713 2287 no-

977 2306 1063 2338 mine
1102 2305 1161 2337 suit
1193 2305 1360 2338 humiliter
1384 2305 1602 2349 supplicatum
1622 2311 1654 2338 ut
1679 2306 1712 2339 in

977 2357 1164 2401 praemissis
1197 2363 1384 2400 opportune
1416 2357 1590 2400 providere
1622 2363 1653 2391 et
1679 2365 1714 2391 ut.

977 2411 1060 2444 int‘ra
1077 2411 1236 2453 indulgeri
1255 2410 1294 2444 de
1311 2410 1512 2453 benignitate
1529 2412 1713 2455 apostolica

977 2464 1198 2507 dignaremur.

1011 2527 1022 2553 1
1046 2524 1116 2553 Edit.
1138 2524 1219 2553 Main.
1241 2525 1305 2561 legit
1325 2528 1352 2554 el
1371 2533 1419 2561 pro
1439 2528 1479 2554 est
1497 2526 1536 2562 (tt.
1552 2527 1601 2562 τ.).

1614 146 1676 180 759
1723 155 1771 181 An.
1790 155 1817 181 c.
1837 155 1903 182 1738
