2170 3147
13 206 61 234 An.
81 204 111 232 C.
131 203 195 232 1727

203 258 268 293 cto,
295 252 400 286 donec
423 253 614 297 respiscant,
631 255 680 287 vel
699 254 845 288 absolute
864 265 940 298 qno-

202 316 274 348 que,
290 306 405 338 dimitti
420 307 544 349 possint
559 307 843 349 (quemadmodum
859 308 938 340 alias

202 358 334 400 regula¹
367 359 436 402 ipso
469 370 539 402 cap.
567 370 616 392 xix
643 370 711 403 pro
745 360 939 403 quibusdam

202 412 329 444 casibus
362 412 539 455 disponit),
577 413 712 456 insuper
738 418 769 446 et
802 414 939 455 collegia

200 464 272 508 ipsa
297 465 458 508 supprimi
490 476 526 498 ac
556 465 705 504 dissolvi,
741 465 789 497 sin
831 465 937 497 minus

202 517 318 550 dimitti
352 528 388 550 ac
424 517 563 561 relinqui
589 519 627 550 ab
655 518 778 551 eisdem
815 518 938 560 possint

202 577 233 603 et
257 572 403 610 valeant,
432 576 463 604 et
488 571 666 614 respective
703 571 801 603 nullis
829 571 938 603 tertia-

200 625 325 656 riorum
362 623 473 666 gratiis
507 629 538 656 et
562 623 742 666 privilegiis
775 623 935 666 gaudere,

201 677 409 710 decernimus
435 687 472 709 ac
496 677 658 709 iubemus.

74 739 190 765 iniungitur
243 730 258 772 ἓ
283 728 337 762 36.
364 728 491 762 Ordinis
517 729 670 771 magistro
692 739 752 772 pro
780 734 935 772 tempore,

9 766 189 823 l'ir'hesiilieifiifil}
200 781 282 814 sicut
299 788 330 814 et
346 781 454 814 Ordini
472 781 530 825 ipsi
552 782 585 814 in
604 782 812 824 generalibus
838 781 938 815 comi-

7 821 101 875 33:15?
123 819 188 875 Ϊῖἆῗξῖ
201 835 252 867 1113
270 835 541 878 quandocumque
559 834 806 877 congregando,
826 845 937 878 quem-

8 876 93 920 32¹l}'¹'¹¹¹
108 872 188 897 ²⁸³⁰st
200 888 372 921 admodum
410 888 607 930 iniungimus
635 893 669 920 ut
700 888 785 921 eirca
810 887 935 921 felicem

200 946 316 973 statum
335 951 370 973 ac
389 940 666 980 reformationem,
688 940 742 972 uhi
761 951 843 983 opus
866 950 935 973 esse

199 994 446 1037 conspexerint,
484 993 641 1036 praedicti
682 993 778 1026 Tertii
804 993 935 1028 Ordinis

198 1047 390 1089 advigilent,
417 1046 462 1078 ita
479 1046 593 1078 iisdem
612 1045 845 1089 relinquimus,
864 1056 936 1078 con-

198 1099 360 1132 firmamus
382 1104 414 1132 et
438 1103 595 1142 quatenus
616 1104 766 1141 oporteat
789 1099 828 1131 de
850 1109 934 1130 novo

196 1151 336 1194 benigne
359 1151 568 1184 concedimus
594 1150 642 1183 ius
668 1156 699 1183 et
723 1152 852 1194 plenam
878 1162 935 1194 po-
955 1164 957 1181 1

956 1208 1109 1248 *spectac
1148 1205 1320 1248 probitatis
1355 1206 1453 1238 vitam
1495 1206 1722 1248 traducturas)

199 1210 345 1237 testatem
372 1204 411 1236 ad
436 1202 491 1236 illa
516 1203 603 1236 circa
626 1205 784 1246 ⁴regulam
810 1204 934 1247 praedi-

196 1264 281 1291 ctam
316 1257 538 1296 moderanda,
570 1257 798 1297 reformanda,
839 1268 935 1300 expo-

196 1310 322 1350 nenda,
342 1310 570 1343 commutanda
602 1320 638 1342 ac
670 1310 827 1350 addenda,
853 1320 933 1353 quae

194 1375 254 1408 pro
271 1370 464 1407 temporum,
491 1365 639 1396 locorum
659 1375 694 1396 ac
719 1374 934 1406 personarum

194 1417 437 1461 opportunitate
456 1417 486 1448 in
512 1417 650 1450 Domino
675 1417 866 1450 iudicabunt
889 1417 934 1449 sic·

195 1471 308 1503 melius
337 1470 541 1513 disponenda
577 1471 682 1511 (salva
715 1475 821 1503 tamen
854 1470 934 1502 eius-

195 1523 267 1556 dem
285 1524 416 1565 regulae
438 1523 619 1555 substantia
637 1527 668 1555 et
688 1522 816 1555 intactis
835 1523 933 1555 sacris
954 1545 956 1552 1

194 1576 417 1618 canonibus),
445 1586 530 1609 1111110
559 1586 619 1619 pro
654 1581 728 1608 tunc
753 1575 934 1618 apostolica

194 1630 381 1662 auctoritate
429 1629 628 1662 eiuscemodi
668 1629 932 1667 moderationes,

194 1683 458 1722 reformationes,
493 1682 736 1725 expositiones,
775 1692 810 1714 ac
846 1682 933 1715 addi-

196 1737 300 1770 tiones
323 1737 541 1779 approbantes
567 1742 661 1779 atque
690 1735 930 1768 confirmantes.

59 1798 183 1819 statuuntur

3 1825 100 1844 nonnulla
110 1831 146 1850 prs.
155 1826 182 1844 di-

2 1843 279 1896 3131-=-s2›==m=11=‹··pita,
306 1853 403 1886 super
425 1842 542 1886 quibus
567 1842 737 1885 potissime
770 1841 933 1874 tertiarius

30 1893 34 1897 ’
194 1906 376 1938 personas,
403 1895 470 1927 sive
506 1895 539 1927 111
575 1894 724 1927 domibus
757 1895 932 1937 praedictis

194 1948 343 1987 seorsim,
364 1948 430 1980 sive
456 1947 554 1980 etiam
578 1948 610 1980 111
636 1947 802 1981 asceteriis
827 1949 929 1981 colle-

195 2001 324 2044 gialiter
361 2001 552 2043 virginalem
587 2008 641 2034 aut
678 2001 838 2034 coelibem
879 2006 933 2034 aut

195 2058 315 2086 castam
340 2053 494 2086 viduilem
522 2064 677 2096 expresso
703 2059 776 2087 voto
810 2060 842 2086 et
873 2055 931 2087 sub

195 2106 307 2138 habitu
334 2111 365 2138 et
389 2107 504 2148 regula
531 2106 706 2148 praedictis
739 2107 837 2139 vitam
869 2113 930 2140 tra-

196 2160 371 2198 ducentes,
388 2168 517 2191 necnon
541 2159 657 2191 fratres
683 2158 812 2192 Ordinis
837 2160 932 2193 Prae-

196 2213 375 2246 dicatorum
399 2210 502 2254 ipsas²
526 2212 633 2244 vexari
651 2213 690 2244 ad
708 2222 768 2244 nos
789 2212 932 2245 delatum

195 2273 257 2305 est,
283 2265 356 2298 ideo
382 2274 532 2308 expresse
558 2265 759 2298 declaramus
785 2271 817 2298 et
841 2266 932 2298 volu-

194 2328 263 2350 mus
279 2345 287 2358 ,
313 2317 401 2361 quod
427 2317 568 2359 (tametsi
593 2328 704 2350 omnes
729 2323 760 2350 et
783 2318 930 2361 singulae

193 2371 378 2413 praedictae
406 2380 566 2414 personae
597 2381 754 2404 summam
790 2371 932 2404 debeant

193 2424 313 2457 habere
338 2424 555 2457 reverentiam
580 2425 726 2457 locorum
743 2424 930 2465 Ordinariis,

192 2477 373 2520 ceterisque
392 2477 545 2520 praelatis
569 2478 799 2518 inferioribus,
818 2489 931 2522 quem-

228 2548 239 2574 1
262 2546 332 2574 Edit.
355 2547 432 2574 Main.
453 2548 517 2581 tegit
535 2549 650 2583 reyulas
668 2550 708 2583 (a.
731 2550 780 2580 T.).

227 2591 244 2617 2
264 2591 374 2618 Videtur
394 2592 540 2626 legendum
561 2593 635 2627 ipsos
654 2596 691 2627 (11.
709 2593 756 2627 1.).

782 205 977 231 BENEDICTUS
1002 206 1059 230 XIII
1084 207 1134 230 PF.

239 1792 254 1834 ξ
277 1790 329 1823 37.
347 1790 481 1829 Deinde,
502 1799 600 1832 quum
621 1789 780 1822 nonnulla
797 1788 861 1821 sint
886 1799 934 1821 ca·
953 1809 955 1820 1

953 1843 955 1852 ⁴
977 1841 1037 1874 nisi
1063 1841 1095 1873 iu
1117 1841 1369 1884 particularibus
1395 1841 1563 1874 asceteriis
1582 1843 1720 1884 probata

1627 197 1685 231 541

984 255 1155 288 admodum
1189 265 1299 289 earum
1331 266 1460 300 quoque
1494 256 1609 298 regula
1633 266 1727 299 prae-

983 308 1113 347 scribit,
1138 314 1252 352 atque,
1279 309 1367 341 iuxta
1393 309 1558 342 decretum
1585 308 1727 350 Congre-

983 361 1125 403 gationis
1140 362 1375 394 venerabilium
1392 362 1524 394 fratrum
1539 368 1725 394 nostrorum

982 413 1013 446 S.
1027 414 1064 446 R.
1077 414 1111 447 E.
1128 415 1353 454 cardinalium,
1374 415 1606 458 episcoporum
1625 421 1656 447 et
1673 425 1725 448 re-

983 468 1143 509 gularium
1173 468 1467 501 consultationibus
1497 469 1724 512 praepositae,

983 519 1103 552 editum
1139 521 1197 552 sub
1231 520 1283 553 die
1308 531 1347 553 xx
1373 520 1558 553 decembris
1584 531 1726 559 mnexvr,

982 577 1016 603 ut
1040 572 1079 604 ad
1105 572 1252 604 habitum
1278 578 1310 605 et
1333 572 1488 606 Ordinem
1526 574 1726 616 recipiantur

983 624 1126 665 virgines
1151 630 1205 657 aut
1230 625 1343 658 viduae
1368 625 1400 657 111
1426 625 1559 668 privatis
1578 626 1725 658 domibus

982 682 1143 719 perpetuo
1171 688 1362 716 mansurae,
1390 678 1479 720 prius
1517 679 1660 711 debeant
1691 678 1723 711 in

982 731 1070 763 curi-[i
1107 730 1268 764 Ordinarii
1306 732 1368 765 loci
1404 732 1543 774 probare
1581 743 1634 765 eas
1665 732 1723 764 sibi

982 793 1078 825 posse
1112 783 1151 816 de
1184 784 1268 816 victu
1307 789 1339 816 et
1375 785 1487 817 vestitu
1525 785 1726 818 sufficienter

982 836 1155 878 providere
1172 863 1179 875 ,
1204 836 1341 879 illasque
1367 837 1433 870 fore
1459 838 1554 870 bonis
1580 838 1724 871 moribus

981 889 1162 931 praeditas,
1188 894 1286 932 atque
1312 900 1383 922 011111
1410 891 1507 923 11111113
1542 891 1614 924 aliis
1650 891 1725 923 viris

981 952 1076 983 quam
1106 952 1176 974 cum
1210 942 1460 985 consanguineis
1495 949 1550 976 aut
1573 943 1723 976 affinibus

980 994 1012 1026 in
1037 994 1145 1037 primo
1173 1000 1296 1027 tantum
1323 996 1441 1037 gradu,
1465 997 1531 1036 vel,
1558 996 1622 1029 illis
1649 995 1726 1028 (1011-

980 1047 1150 1087 cientibus,
1173 1053 1228 1080 aut
1252 1048 1382 1089 urgenti
1408 1048 1496 1090 gravi
1522 1048 1631 1091 aliqua
1649 1058 1723 1080 can-

979 1101 1029 1138 sa,
1056 1110 1128 1132 cum
1154 1100 1225 1133 aliis
1250 1100 1313 1132 sibi
1338 1100 1370 1132 in
1396 1100 1589 1143 proximiori
1622 1101 1721 1142 gradu

979 1152 1175 1192 coniunctis,
1204 1158 1259 1184 aut
1293 1154 1406 1185 saltem
1440 1164 1511 1185 cum
1545 1153 1623 1185 viris
1649 1164 1724 1196 pcr-

979 1269 1032 1291 eas
1059 1263 1165 1291 tamen
1191 1258 1278 1291 iuxta
1296 1259 1474 1301 praemissa
1492 1259 1652 1292 tertiarias
1680 1260 1718 1292 ef-

980 1312 1078 1343 fectas
1103 1322 1121 1343 a
1146 1311 1380 1354 cuiuscumque
1400 1311 1533 1344 alterius
1554 1311 1720 1345 inferioris

979 1370 1067 1396 extra
1090 1364 1245 1397 Ordinem
1264 1363 1530 1398 Praedicatorum
1552 1365 1722 1398 constituti

978 1417 1113 1460 praelati
1141 1423 1170 1450 et
1192 1417 1294 1460 ipsius
1312 1417 1474 1450 Ordinarii
1500 1418 1564 1450 loci
1590 1418 1722 1451 iurisdi-

978 1470 1086 1503 ctione
1112 1476 1278 1513 exeinptas
1308 1481 1380 1503 esse
1414 1472 1560 1504 volumus
1593 1477 1625 1503 et
1653 1472 1722 1504 fore

978 1523 1180 1555 declaramus
1203 1522 1417 1565 districteque
1434 1524 1645 1563 mandamus,
1665 1524 1724 1556 eis-

978 1586 1040 1619 que
1067 1576 1105 1608 de
1131 1586 1216 1608 novo
1251 1576 1347 1608 talem
1380 1576 1621 1618 exemptionem
1647 1586 1722 1608 con-

954 1627 956 1632 ’
977 1629 1134 1662 cedimus.
1153 1628 1315 1666 Quantum
1333 1628 1372 1661 ad
1391 1634 1529 1662 aetatem
1546 1629 1721 1661 mulierum

977 1683 1015 1715 ad
1040 1681 1193 1714 Ordinem
1220 1681 1422 1724 praedictum
1458 1682 1721 1725 recipiendarum

978 1736 1038 1767 liac
1062 1737 1173 1767 nostra
1199 1734 1437 1767 constitutione
1458 1740 1619 1778 perpetuo
1645 1736 1721 1769 vali-

977 1790 1048 1821 tura
1081 1789 1285 1831 iniungimus
1313 1794 1344 1820 et
1370 1789 1559 1821 mandamus
1578 1815 1586 1829 ,
1613 1790 1721 1831 quod,

977 1894 1180 1927 consuetudo
1207 1893 1314 1934 vigeat
1346 1893 1379 1924 in
1410 1894 1624 1934 contrarium,
1652 1905 1720 1926 mu-

977 1948 1072 1979 lieres
1098 1947 1138 1979 ad
1162 1946 1380 1989 profitendum
1400 1946 1485 1979 inter
1502 1948 1721 1990 collegialiter

976 2005 1135 2042 perpetuo
1160 1999 1305 2032 viventes
1325 2010 1391 2032 11011
1410 2000 1634 2042 admittantur,
1656 2001 1718 2033 nisi

977 2058 1122 2095 tempore
1141 2051 1355 2095 professionis
1376 2053 1575 2085 excesserint
1598 2064 1718 2087 annum

976 2106 1297 2139 decimumoctavum.
1314 2105 1380 2143 Quo
1398 2116 1475 2139 vero
1497 2107 1535 2139 ad
1554 2117 1618 2147 eas,
1635 2118 1719 2151 quae

975 2159 1007 2192 111
1026 2159 1176 2192 domibus
1202 2165 1237 2191 ut
1261 2169 1358 2202 supra
1375 2160 1513 2193 seorsim
1531 2162 1718 2204 cum-certis

975 2212 1132 2244 castitatis
1166 2217 1259 2251 voto,
1286 2211 1401 2244 babitu
1433 2218 1465 2245 et
1495 2213 1620 2245 statutis
1644 2220 1719 2246 sunt

974 2265 1070 2297 vitam
1096 2265 1303 2297 traducturae
1328 2264 1440 2307 (quum
1466 2267 1645 2299 secundum
1670 2277 1718 2300 sa-

975 2328 1046 2350 cras
1062 2318 1236 2360 scripturas
1252 2318 1376 2350 bonum
1391 2318 1432 2351 sit
1445 2320 1587 2361 portanti
1606 2320 1716 2363 iugum

975 2371 1013 2403 ab
1039 2370 1262 2403 adolescentia
1286 2373 1354 2410 sua,
1372 2376 1404 2404 et
1420 2370 1506 2405 Ordo
1530 2373 1716 2416 praedictus

975 2435 1010 2457 ex
1030 2425 1140 2466 regula
1157 2425 1213 2455 sua
1233 2423 1371 2466 vigilias,
1389 2425 1521 2466 ieiunia,
1539 2427 1715 2471 pluresque

974 2477 1188 2511 abstinentias
1216 2476 1334 2509 babeat
1351 2477 1468 2520 iugiter
1484 2480 1714 2522 perferenda8‚

974 2532 1136 2575 virginum
1169 2541 1297 2576 quoquc
1334 2542 1456 2575 sponso
1493 2534 1622 2577 placeat
1654 2535 1714 2568 sibi

974 2586 1037 2619 cito
1074 2585 1235 2629 promissa
1267 2586 1457 2629 virginitas,
1485 2586 1713 2632 plurimaeque

1737 207 1786 233 An.
1807 205 1921 234 c.17⁶2·1
