2170 3147
217 150 269 176 An.
290 148 405 176 (11711
452 140 494 173 -26

410 198 593 230 litterarum
620 198 784 230 elementa
810 208 826 228 a
851 202 1068 239 praeceptore
1104 196 1151 228 di-

412 251 548 288 dicisset,
576 250 615 282 de
641 249 790 282 omnibus
816 250 847 281 in
874 251 961 282 sacra
986 249 1151 291 8011111013

411 303 581 345 disputatis
617 302 808 343 gravissime
851 302 1052 345 respondere
1093 312 1150 344 po·

412 356 520 394 tuisse,
556 355 767 398 plurimaque
805 355 870 388 Deo
906 356 1003 397 plena
1036 354 1152 387 litteris

411 408 660 450 consignasset?
688 407 848 440 Nimirum
874 407 1008 440 scientia
1044 407 1150 450 potius

368 455 371 458 ¹
412 461 566 494 divinitus
591 461 697 493 inl'usa
715 471 809 504 quam
828 460 1017 493 humanitus
1044 460 1151 502 acqui-

411 515 469 547 sita
495 514 671 547 instructus
705 514 868 557 apparuit.
906 513 1087 546 Calumnias
1120 518 1151 545 et

411 567 624 600 contumelias
643 577 759 609 magno
778 567 887 600 animo
905 567 1078 602 devorarit,
1094 577 1151 599 1100

411 626 559 653 auctores
584 620 666 653 scire
692 620 807 653 voluit.
843 620 999 653 Dominus
1034 626 1151 659 tamen,

413 673 503 705 cuius
535 673 707 716 negocium
734 673 911 715 agebatur,
939 673 1000 715 ipsi
1028 673 1150 712 adsuit,

412 732 563 760 auctores
589 727 678 770 ipsos
703 727 854 769 impunes
885 726 975 759 abire
1009 736 1074 758 non
1111 726 1152 758 si-

412 790 508 813 nens,
545 779 725 823 Spirituum
757 786 788 812 et
821 778 1055 822 cogitationum
1089 778 1153 811 dis-

412 833 512 866 cretio
528 844 686 876 nusquam
701 833 913 876 111-3101110301
930 833 961 865 in
977 832 1152 866 Laurentio

412 887 479 918 1153
505 892 563 919 est.
592 887 692 919 1111010
720 887 783 919 1100
809 886 906 919 etiam
943 886 991 919 illi
1021 897 1038 918 a
1063 887 1152 918 caelo

412 940 547 979 datum,
574 945 609 971 111
634 949 745 972 530130
778 939 896 982 virgini
928 939 1056 971 absenti
1083 939 1151 982 ipse

412 993 582 1025 missarum
619 993 781 1025 solemnia
813 994 852 1025 ad
886 994 1044 1036 populum
1070 994 1153 1026 cele-

411 1046 529 1084 brans,
556 1051 646 1078 extra
684 1056 718 1078 se
744 1050 879 1089 raptus,
915 1045 1153 1078 sanctissimum

412 1098 631 1131 Eucharistiae
646 1104 882 1131 sacramentum
901 1099 1151 1132 administraret.

254 1165 264 1185 1
281 1164 368 1195 >in-nias.
386 1163 401 1183 v
458 1152 472 1195 ξ
496 1152 527 1184 st.
551 1152 724 1184 Crescente
745 1153 778 1184 in
798 1151 867 1184 dies
890 1152 967 1184 tanti
993 1152 1154 1195 praesulis

219 1192 507 1248 ff,ff',⁰¹'f‘.'2'‘⁸pi-'.'.“.J.i{sanni,
532 1205 695 1247 Eugenius
722 1205 869 1238 Pontifex
900 1215 973 1237 eum
1007 1205 1092 1248 apud
1119 1215 1153 1238 se

219 1245 341 1292 Eillltffllfl*
364 1245 593 1292 ‘widentidem
620 1258 742 1291 habere
768 1269 801 1291 se
834 1259 917 1291 velle
943 1259 1154 1301 significavit,

415 1322 613 1355 semperque
627 1312 818 1345 Laurentius
828 1312 1050 1345 excusationes
1065 1323 1156 1356 prae-

417 1365 530 1398 tendit.
547 1365 724 1398 Bononiam
741 1370 847 1397 tamen
866 1370 1009 1407 vocatus,
1024 1365 1154 1408 Alpium

416 1418 632 1452 incommodis
659 1423 755 1461 atque
782 1417 906 1450 itineris
933 1418 1154 1460 longitudine,

417 1482 500 1515 quae
527 1476 618 1504 erant
643 1471 891 1504 excusationum
918 1481 1066 1511 caussae,
1093 1482 1157 1504 ees-

416 1525 588 1565 santihus,
626 1523 814 1557 Pontificem
848 1524 946 1564 adiit,
972 1536 989 1557 a
1026 1535 1089 1568 quo
1124 1525 1156 1557 in

417 1580 449 1612 S.
471 1579 507 1611 R.
527 1578 561 1611 E.
589 1578 750 1621 frequenti
771 1582 885 1611 senatu
904 1578 966 1611 hoc
990 1579 1157 1621 perhono-

417 1632 510 1665 rilico
528 1631 637 1674 elogio
659 1636 811 1674 exceptus
837 1636 906 1663 est:
933 1630 1039 1670 Salve,
1063 1630 1158 1663 decus

417 1690 446 1718 el
465 1685 573 1728 galeria
586 1684 789 1728 praesulum.
810 1683 965 1717 Pontitiee
984 1694 1057 1716 eum
1072 1685 1157 1728 apud

417 1749 452 1771 se
478 1739 619 1772 retinere
644 1738 810 1781 cupiente,
836 1738 986 1780 corporis
1011 1738 1158 1771 imbecil-

418 1792 542 1825 litatem
567 1795 743 1830 caussatus,
782 1790 822 1823 ad
855 1800 944 1823 suam
985 1791 1157 1824 ecclesiam

417 1846 536 1879 laetior
573 1845 671 1878 rediit
707 1855 802 1888 quam
839 1844 915 1877 inde
952 1844 1156 1878 discesserat.

418 1899 496 1931 Eum
522 1897 592 1941 pari
613 1897 711 1930 animi
731 1897 970 1939 significatione
992 1898 1159 1940 amplexus

419 1957 468 1984 est
499 1951 635 1993 Eugenii
674 1960 845 1983 successor
869 1950 1053 1993 proximus,
1086 1951 1158 1994 piae

418 2005 596 2038 memoriae
636 2009 828 2036 antecessor
863 2009 977 2036 noster
1012 2003 1159 2037 Nicolaus

419 2059 505 2101 Papa
530 2059 564 2098 V,
593 2058 656 2101 qui,
676 2057 709 2090 in
729 2063 816 2090 tanto
834 2058 986 2101 praesule
1012 2058 1158 2091 ornando

419 2122 491 2144 cum
507 2111 652 2155 Eugenio
667 2111 764 2154 plane
784 2116 923 2151 certans,
940 2111 1158 2151 Laurentium,

420 2165 547 2197 tametsi
573 2164 796 2203 reluctantem,
834 2164 1051 2207 patriarcham
1088 2175 1158 2198 esse

420 2218 531 2257 voluit,
561 2218 641 2250 sicut
673 2216 837 2259 Eugenius
873 2217 1060 2260 episcopum
1085 2228 1158 2251 esse

418 2273 576 2304 voluerat.
604 2270 749 2310 Etenim,
783 2270 951 2303 Dominico
988 2270 1158 2304 llliehaelio

419 2325 573 2356 Gradeusi
590 2323 777 2366 patriarcha
795 2324 978 2364 demortuo,
994 2323 1157 2365 Nicotaus,

419 2375 587 2418 dignitatis
610 2375 815 2418 an‘iplitudini
835 2375 1039 2418 civitatisque
1058 2375 1159 2408 Vene-

420 2428 536 2460 tiarum
555 2427 723 2469 splendori
744 2428 960 2467 consulturus,
981 2439 1018 2461 cx
1040 2428 1156 2468 Grado,

418 2481 544 2514 modica
569 2481 673 2513 insula
698 2480 784 2512 iuxta
798 2486 940 2514 veterem
964 2482 1156 2525 Aquileiam,

419 2534 505 2568 unde
545 2534 606 2567 sub
649 2533 825 2568 adventum
868 2535 1158 2578 Longobardorum

993 147 1173 171 BULLARIUM
1198 147 1353 171 ROMANUM

1941 144 1993 170 An.
2015 143 2042 170 C.
2061 143 2129 172 1724

1195 195 1369 228 Gradensis
1395 195 1646 238 patriarchatus,
1673 205 1777 229 novae
1803 194 1934 237 Aquile-

1195 248 1242 280 iae
1269 253 1484 291 nuncupatus,
1509 250 1688 281 multorum
1706 258 1819 282 caussa
1845 247 1935 280 dissi-

1196 301 1334 340 diorum,
1366 306 1554 341 emerserat,
1588 301 1675 333 hunc
1712 299 1840 333 Venetis
1872 302 1935 332 una

1195 364 1265 386 cum
1291 354 1378 386 omni
1405 354 1533 387 honore
1556 364 1613 386 suo
1637 353 1810 393 transtulit,
1837 353 1936 385 extin-

1195 411 1246 439 cto
1272 406 1411 439 Venetae
1437 406 1576 438 civitatis
1601 406 1803 449 episcopatu,
1827 406 1934 439 eidem

1195 458 1353 491 111-11110051
1379 458 1609 501 patriarchatui
1636 464 1730 491 antea
1765 459 1933 491 subiecto:

1196 512 1249 554 qui
1283 512 1413 555 quidem
1440 512 1667 554 episcopatus,
1688 522 1705 543 a
1730 511 1800 544 1000
1826 511 1933 551 sedis,

1196 564 1388 597 Ulivolensis
1405 564 1555 607 primum,
1574 574 1646 596 mox
1668 563 1870 596 Castellanus
1887 567 1937 596 est

1197 618 1310 650 dictus.
1339 617 1419 650 11100
1446 618 1572 657 sactum,
1599 622 1633 649 ut
1658 627 1777 650 nomen
1802 616 1938 659 patriar-

1196 671 1277 703 chae
1303 671 1489 710 11131100515,
1516 681 1610 713 quem
1637 670 1754 703 exinde
1780 670 1938 703 Venetum

1197 726 1455 768 appellaverunt,
1481 724 1558 757 011111
1583 723 1840 764 invidiosum,in
1858 724 1938 756 Lau-

1196 779 1300 812 rentio
1325 778 1543 821 gratissimum
1569 788 1640 810 esse
1663 777 1824 820 coeperit.

1239 832 1253 874 ξ
1278 831 1309 864 5.
1326 830 1402 864 Novi
1419 831 1622 874 patriarchae
1645 830 1825 863 sanctitatis
1844 840 1937 874 prae·
1975 837 2131 867 Magnae-apua

1948 870 2019 884 omno„v
2047 864 2133 889 piatatis

1196 885 1292 918 conio
1318 886 1413 926 longe
1429 885 1558 927 lateque
1577 889 1762 924 resonante,
1789 884 1937 927 quicum·
1948 891 2003 938 111Ἷὲ
2027 893 2048 911 et
2071 896 2132 911 vene·

1198 948 1260 980 que
1285 937 1435 970 Venetias
1468 937 1701 979 appellebant,
1727 936 1938 969 Laurentium
2006 933 2011 937 '

1197 990 1306 1023 videre
1331 990 1362 1022 in
1388 990 1501 1033 primis
1526 989 1710 1033 cupierunt.
1731 989 1801 1023 Non
1822 990 1938 1032 vulgus

1200 1048 1323 1077 tantum
1352 1044 1392 1077 ad
1418 1054 1506 1083 eum,
1532 1043 1629 1076 veluti
1656 1044 1695 1076 ad
1721 1044 1874 1085 angelum
1899 1044 1939 1076 de

1198 1098 1288 1130 caelo
1313 1098 1453 1140 lapsum,
1480 1096 1751 1141 conspiciendum
1775 1098 1939 1140 pervices

1199 1156 1230 1183 et
1254 1150 1396 1192 compita
1422 1150 1567 1183 certatim
1603 1159 1757 1190 carrera,
1789 1150 1848 1183 sed
1879 1151 1939 1184 viri

1199 1203 1364 1246 principes
1391 1203 1478 1235 domi
1510 1213 1583 1235 eum
1613 1203 1779 1243 invisere,
1806 1202 1938 1237 intimos

1199 1256 1347 1300 episcopi
1386 1266 1535 1289 recessus
1573 1257 1792 1290 venerationis
1828 1259 1941 1290 caussa

1200 1311 1353 1347 lustrare,
1384 1309 1515 1352 vimque
1553 1310 1621 1341 31111
1653 1310 1852 1353 pauperibus
1878 1310 1942 1343 dis-

1199 1362 1405 1407 pertiendam
1431 1363 1469 1395 ad
1495 1363 1587 1395 illum
1614 1363 1754 1397 adferre.
1791 1363 1941 1396 Advenae

1201 1417 1381 1456 Pannones,
1408 1416 1575 1456 Germani,
1599 1415 1696 1457 Galli,
1723 1416 1871 1459 Hispani,
1901 1417 1941 1450 ad

1201 1471 1311 1504 limina
1337 1471 1571 1514 Apostolorum
1595 1471 1645 1504 vel
1671 1471 1709 1504 ad
1735 1470 1856 1503 Christi
1880 1471 1941 1504 Do-

1201 1523 1278 1556 mini
1305 1523 1516 1566 sepulchrum
1547 1523 1815 1566 peregrinantes,
1840 1534 1875 1557 se
1898 1524 1943 1558 se·

1202 1577 1279 1609 lices
1306 1576 1473 1620 putabant,
1510 1576 1564 1609 ubi
1603 1577 1769 1610 Laurentii
1805 1577 1942 1611 benedi-

1202 1631 1309 1663 ctione
1336 1631 1467 1672 accepta
1493 1630 1721 1671 discederent;
1747 1630 1943 1674 adeoquein

1201 1682 1348 1716 maximis
1367 1682 1520 1726 periculis
1536 1682 1730 1725 Respublica
1743 1683 1943 1717 Venetorum

1203 1737 1241 1769 ad
1278 1736 1443 1769 Laurentii
1476 1737 1681 1779 precationes
1717 1742 1878 1781 tamquam
1902 1738 1942 1772 ad

1203 1790 1374 1823 oraculum
1391 1790 1568 1832 confugere
1587 1791 1773 1831 consuevit;
1792 1791 1944 1835 Deusque

1204 1844 1282 1887 ipse,
1310 1854 1405 1887 quam
1430 1849 1542 1885 gratae
1561 1843 1621 1876 sibi
1644 1849 1755 1877 essent
1780 1845 1943 1880 Laurentii

1204 1907 1262 1940 pro
1289 1898 1325 1929 ea
1357 1906 1485 1939 preces,
1521 1897 1636 1939 procul
1659 1897 1745 1940 apud
1774 1897 1944 1942 Corcyram

1203 1949 1356 1993 prodigio
1393 1949 1627 1992 comprobavit,
1667 1950 1721 1982 ubi
1761 1951 1793 1983 iu
1826 1951 1943 1985 mediis

1204 2003 1340 2046 rupibus
1368 2008 1398 2035 et
1423 2002 1603 2046 speluncis.
1627 2002 1675 2035 vir
1699 2014 1716 2036 a
1743 2003 1876 2046 triginta
1893 2015 1945 2038 an-

1203 2057 1253 2089 nis
1280 2055 1461 2095 solitarius,
1488 2055 1544 2087 uni
1570 2055 1635 2089 Deo
1660 2066 1778 2089 vacans
1813 2062 1844 2089 et
1869 2067 1944 2100 pro-

1203 2109 1336 2153 phetiae
1363 2108 1480 2151 spiritu
1506 2107 1656 2151 insignis,
1691 2120 1730 2142 au
1764 2119 1817 2142 res
1843 2109 1945 2144 Vene-

1205 2168 1308 2195 torum
1336 2163 1367 2194 in
1394 2163 1483 2195 bello
1509 2172 1581 2194 cum
1606 2162 1686 2195 duce
1709 2162 1943 2197 Mediolanensi

1203 2217 1366 2260 periturae
1393 2222 1511 2255 essent,
1539 2217 1719 2256 consultus,
1745 2216 1879 2250 omnino
1900 2217 1945 2250 ait

1203 2269 1374 2314 perituras,
1400 2269 1462 2302 nisi
1497 2280 1613 2302 eorum
1646 2269 1806 2313 praesulis
1842 2270 1944 2313 lacry-

1203 2334 1272 2356 mae
1307 2323 1393 2367 apud
1431 2323 1532 2355 Deum
1572 2322 1824 2356 intercederent.
1862 2324 1945 2356 Lau-

1203 2377 1324 2410 rentius
1363 2383 1469 2410 tamen
1503 2376 1651 2410 solitario
1685 2377 1748 2416 illi,
1786 2377 1872 2410 iuxta
1909 2388 1945 2411 ac

1203 2440 1318 2463 omnes
1338 2430 1403 2462 t'ere
1428 2430 1595 2470 mortales,
1615 2429 1780 2462 inauditus
1799 2436 1830 2463 et
1850 2430 1943 2464 inco-

1203 2484 1313 2526 gnitus
1340 2489 1419 2515 erat.

1246 2536 1260 2579 g
1285 2534 1316 2568 6.
1346 2535 1408 2568 lam
1435 2535 1574 2570 Venetus
1607 2535 1792 2579 patriarcha
1821 2546 1942 2572 annum
1953 2542 2133 2566 Pieobiaucnm.
