2170 3147
0 207 37 230 tn.
55 204 82 230 C.
107 203 172 228 1727

761 202 954 225 umentem&
981 202 1036 225 Mtt
1062 203 1109 225 ΓΡ.

185 249 235 288 qui
258 249 384 289 partim¹
408 249 557 285 docendo,
590 249 693 287 partim
722 248 921 278 concionando

185 297 359 327 decennium
387 297 599 336 expleverunt,
633 297 700 326 licet
723 301 786 336 post
809 301 922 326 transa-

185 349 261 374 ctum
285 345 459 374 decennium
484 345 606 374 tectores
630 345 772 374 eiusmodi
791 344 919 382 lectioni,

185 398 212 423 et
232 391 456 423 'concionatores
486 393 619 423 concioni
652 393 775 432 amplius
799 402 854 422 non
879 393 922 422 in-

185 442 338 480 cumbant,
362 442 506 480 gaudeant
524 441 684 480 privilegiis
709 441 787 470 vocis
810 441 921 470 activae

184 495 211 519 et
234 491 365 530 passivae
389 490 416 520 in
440 491 567 529 capitulo
591 489 781 529 provinciali,
813 489 850 518 ita
880 493 921 518 ta-

184 548 261 576 men,
285 542 396 568 uttam
425 539 549 569 lectores
582 547 667 577 quam
700 537 921 566 concionatores

183 588 262 617 inter
284 597 313 617 se
330 591 444 617 mutent
461 588 548 623 vices,
567 587 712 622 videlicet,
731 590 761 615 ut
778 595 810 615 ex
835 585 922 615 lecto-

184 636 264 666 ribus
295 636 502 666 decennalibus
533 645 609 665 unus
639 639 751 664 tantuin
783 634 920 663 mutando

185 685 261 714 vices
294 685 417 723 singulis
447 684 581 714 trienniis
608 684 642 713 ad
672 683 832 722 capitulum
857 691 921 721 pro-

184 733 306 763 vinciale
336 742 504 772 comparere
534 732 623 771 possit
651 736 681 761 ut
709 731 814 760 vocalis
834 741 862 759 »2
893 735 921 759 et

183 790 264 810 num.
283 789 298 810 v
318 792 331 810 t<
347 781 488 811 Similiter
507 790 573 810 cum
596 780 688 809 honor
707 779 858 817 religionis
877 778 920 808 vel

185 829 309 859 maxime
332 830 474 868 dependet
498 839 513 859 a
536 829 695 859 lectoribus
720 833 748 858 et
767 828 921 858 conciona-

185 878 308 917 toribus,
333 879 399 908 hinc
417 883 513 918 patres
535 879 659 908 lectores
676 878 805 908 actuales
828 878 921 916 philo-

183 926 301 966 sophiae
331 931 359 956 et
391 927 552 965 theologiae
583 926 790 963 scholasticae,
823 926 862 955 uti
892 929 920 955 et

183 975 405 1005 concionatores
424 975 563 1005 ordinarii
580 975 834 1005 indiscriminatim
853 983 920 1004 cen-

182 1027 301 1052 seantur
330 1023 407 1061 digni
439 1023 493 1052 isto
525 1024 639 1061 favore,
664 1027 691 1052 et
713 1023 831 1062 quaevis
854 1032 920 1052 con-

183 1074 320 1100 ventuum
345 1071 515 1100 discretoria
539 1071 670 1111 ingredif,
696 1076 724 1100 et
746 1071 774 1100 in
799 1071 833 1100 iis
861 1071 920 1100 sns-

182 1120 295 1157 ragiuin
320 1120 395 1149 serre
420 1119 534 1149 valeant
557 1130 584 1149 »-

221 1167 251 1196 ln
269 1177 331 1207 cap.
351 1176 418 1203 xvn,
436 1177 516 1197 nnm.
531 1176 580 1202 vn,
598 1168 727 1197 additum
741 1173 799 1197 est:
821 1178 833 1195 α
846 1168 920 1196 facta
940 1169 942 1184 ἴ

181 1217 397 1246 deosculatione
412 1217 503 1246 sancti
520 1217 646 1254 habitus,
664 1221 692 1246 et
714 1217 818 1246 deinde
841 1225 920 1246 men-

181 1274 246 1302 sae,
270 1270 391 1303 surgant
414 1276 442 1294 ³).
465 1283 502 1288 —
525 1266 610 1295 Num.
636 1275 683 1294 vin
707 1266 833 1295 deletum
860 1270 916 1295 est:

185 1326 197 1341 κ
214 1314 334 1352 privatis
355 1314 555 1343 observantiae
571 1319 687 1343 nostrae
705 1325 731 1347 a,
749 1319 775 1343 et
793 1314 917 1353 positum

181 1367 240 1392 cst:
269 1373 282 1391 <i
301 1363 421 1402 privatis
443 1364 551 1393 nostris
568 1374 594 1392 ».

220 1411 251 1441 ln
268 1421 331 1450 cap.
351 1420 429 1449 xvlu,
447 1422 527 1442 nuni.
546 1421 584 1448 lv,
606 1412 730 1451 positum
747 1416 804 1442 est:
826 1424 837 1438 «
856 1412 918 1441 sine

181 1469 327 1490 consensu
353 1461 539 1500 provincialis
563 1470 614 1499 pro
638 1463 697 1491 tota
719 1461 843 1496 familia,
867 1471 918 1500 pro

183 1509 352 1547 particulari
388 1513 483 1539 autem
520 1510 645 1548 persona
681 1519 714 1538 ex
750 1509 917 1539 rationabili

181 1559 266 1588 causa
287 1558 377 1597 possit
402 1558 481 1597 prior
497 1558 583 1587 etiam
606 1558 634 1587 in
659 1559 703 1587 his
726 1558 843 1588 ieiuniis
859 1558 919 1588 dis-

182 1616 305 1646 pensare
328 1617 355 1636 ».

220 1655 250 1685 ln
274 1665 338 1695 cap.
358 1665 416 1692 Xix,
441 1664 522 1685 num.
542 1665 579 1692 xi,
597 1655 722 1685 deletum
742 1660 798 1685 est:
823 1669 834 1683 «ι
856 1666 917 1695 pos-

181 1704 296 1744 sintque
325 1705 354 1734 in
387 1704 542 1734 itineribus
571 1714 634 1733 esse
663 1704 739 1742 nigri
766 1704 871 1734 coloris
889 1715 940 1747 »;Ξ

181 1758 209 1783 et
231 1754 359 1783 additum
383 1758 443 1783 est:
466 1764 478 1782 «ς
495 1753 553 1782 albi
569 1753 614 1783 vel
637 1753 712 1791 nigri
736 1753 842 1783 coloris
865 1763 916 1792 pro
938 1767 939 1778 t

181 1807 212 1831 ut
234 1802 400 1841 provinciae
418 1803 473 1832 fert
488 1802 667 1832 consuetudo
684 1814 711 1831 x».
729 1802 851 1832 Additus
873 1807 917 1832 est

182 1851 294 1888 integer
310 1860 390 1880 num.
406 1860 472 1880 xvn1
486 1855 572 1890 prout
584 1852 726 1890 sequitur:
745 1861 757 1879 «
771 1860 807 1880 ne
819 1856 916 1881 autem
938 1888 939 1891 Ἴ

182 1899 349 1937 superiores
364 1903 559 1928 conventuum
576 1903 666 1929 totum
683 1909 755 1929 onus
770 1900 916 1930 instruen-

182 1947 285 1977 dorum
308 1948 362 1977 rite
385 1948 586 1977 vestiariorum
616 1949 676 1978 suis
698 1949 917 1979 successoribus

184 1995 360 2034 relinquant,
381 2000 408 2025 et
426 2001 637 2034 consequenter
654 1997 698 2026 his
714 1997 916 2034 incumbant¹‚
938 2000 939 2025 t

184 2052 249 2072 cum
271 2043 384 2073 modica
415 2048 609 2074 conventuum
639 2046 819 2083 oeconomia,
844 2047 918 2076 eius·
938 2055 939 2058 ¹

185 2092 260 2122 modi
283 2101 369 2130 grave
396 2102 468 2123 onus
499 2097 634 2132 portare,
657 2094 765 2124 idcirco
789 2096 866 2126 hunc
888 2098 916 2126 in
938 2115 939 2118 =

185 2141 270 2170 tinem
303 2141 466 2179 iniungitur
493 2142 627 2172 omnibus
656 2143 856 2182 superioribus
879 2145 918 2175 lo-

185 2188 307 2228 natibus,
324 2193 356 2219 ut
377 2189 506 2229 quolibet
528 2199 603 2220 anno
626 2200 676 2230 pro
699 2192 828 2222 cuiusvis
851 2193 919 2223 reli-

184 2238 258 2276 giosi
291 2238 383 2267 nostri
420 2238 600 2268 vestimentis
636 2243 693 2269 tam
727 2241 919 2271 exterioribus

184 2295 269 2326 quarn
303 2286 492 2316 interioribus
525 2291 552 2316 et
585 2288 688 2326 pileis,
724 2291 918 2328 computando

184 2334 280 2364 omnia
303 2338 360 2364 tam
383 2335 418 2364 ad
441 2335 593 2364 sartoriam
626 2339 686 2365 tum
715 2336 748 2365 ad
779 2337 918 2367 sutoriam

184 2382 402 2420 quomodolibet
423 2383 601 2421 spectantia,
626 2392 660 2413 ex
683 2386 746 2413 taxa
769 2385 919 2415 ordinaria

185 2440 235 2469 pro
258 2431 337 2460 victu
359 2434 387 2460 et
415 2431 522 2461 vestitu
554 2432 682 2462 cuiusvis
709 2433 838 2471 religiosi
868 2444 918 2474 pro

184 2479 375 2510 conventibus
390 2479 581 2510 determinate
597 2480 632 2510 ad
649 2481 801 2512 minimum
815 2483 918 2521 viginti

220 2538 229 2564 1
253 2536 323 2564 Edit.
343 2536 424 2564 Main.
446 2537 512 2571 legit
527 2540 645 2572 partem
660 2542 699 2571 (n.
714 2541 763 2573 T.).

219 2583 230 2608 1
253 2580 342 2609 Potius
361 2580 419 2616 lege
438 2582 585 2609 incumbat
603 2582 641 2617 (n.
659 2583 707 2618 T.)-

291 2635 370 2665 Buce.
385 2635 471 2665 Rom.
485 2652 516 2656 -
541 2635 598 2665 l'ol.
616 2635 708 2665 XXII.
854 2638 887 2666 75

1596 191 1658 223 ΝΜ

966 249 1068 278 ssorcni
1091 249 1290 288 applicentur:
1314 248 1388 287 quod
1419 247 1442 277 si
1472 248 1525 277 hac
1548 251 1628 286 parte
1657 256 1705 275 su·

966 297 1094 336 periores
1116 297 1221 327 locales
1246 297 1426 335 negligentes
1449 296 1559 326 inventi
1584 295 1702 329 suerint,

965 345 1093 374 rationes
1116 345 1266 383 generales
1289 344 1323 374 ad
1345 344 1494 384 capitula,
1520 343 1564 373 vel
1588 344 1703 373 litterac

965 393 1120 432 quotannis
1143 393 1301 423 mittendae
1325 393 1360 422 ab
1383 392 1557 422 officialibus
1579 402 1705 421 conven-

965 445 1059 477 tuum,
1083 450 1267 481 nequaquam
1290 441 1511 471 subscribantur
1534 450 1586 471 nec
1603 451 1616 470 a
1635 441 1705 470 defl-

965 490 1074 520 nitorio
1104 491 1326 530 approbentur,
1350 491 1427 520 unde
1451 490 1639 530 provincialis
1669 499 1704 520 ex

965 539 1062 568 officio
1093 539 1257 578 provideat,
1281 544 1308 570 et
1337 540 1478 569 eiusmodi
1506 544 1705 577 transgresso-

965 597 1012 617 res
1034 597 1087 626 pro
1111 588 1195 617 modo
1218 588 1320 627 culpae
1343 589 1443 627 puniat
1467 599 1495 618 a.

1005 636 1034 664 ln
1058 645 1121 674 cap.
1147 645 1211 671 xxi,
1236 646 1317 665 num.
1342 646 1375 673 v,
1400 637 1526 676 positum
1549 638 1614 666 'estz
1642 647 1655 665 α
1674 638 1703 667 in

965 684 1149 714 concedendo
1165 685 1292 714 secundo
1305 685 1402 722 exitu,
1417 685 1440 714 si
1460 685 1556 714 debito
1570 690 1703 724 respectu

965 732 1108 770 superiori
1133 733 1217 762 locali
1235 733 1262 762 id
1279 733 1514 763 insinuaverit».
1529 751 1566 755 —
1582 733 1668 763 Num.
1688 743 1702 762 x

966 780 1091 818 positum
1120 785 1179 810 est:
1207 791 1221 809 <t
1239 790 1320 810 arma
1348 781 1557 819 cuiuscumque
1587 781 1703 818 generis

964 838 1020 858 non
1051 828 1214 858 habeantur
1237 829 1407 868 praesertim
1431 829 1460 859 in
1484 829 1652 859 civitatibus
1676 833 1704 858 et

965 876 1094 915 oppidis3
1115 877 1145 906 in
1168 877 1240 907 locis
1264 882 1360 907 tamen
1376 877 1514 907 solitariis
1530 882 1558 907 et
1574 877 1704 916 periculo

964 925 1198 964 depraedationis
1221 925 1362 955 subiectis
1385 925 1484 955 haberi
1510 925 1638 964 possint,
1664 925 1703 954 ita

965 979 1061 1003 tamen
1085 979 1115 1003 ut
1138 983 1195 1003 non
1219 974 1247 1003 in
1265 974 1346 1003 cellis
1364 978 1478 1013 patrum
1496 979 1545 1003 aut
1567 974 1701 1010 fratrum,

965 1023 1013 1052 sed
1036 1023 1064 1052 in
1089 1023 1151 1052 loco
1173 1023 1270 1061 aliquo
1298 1023 1462 1061 specialiter
1490 1022 1626 1061 deputato
1655 1031 1702 1051 oc—

964 1071 1041 1100 clusa
1066 1076 1256 1101 asserventur
1278 1075 1306 1100 et
1325 1070 1529 1101 custodiantur
1546 1083 1572 1099 ».

1004 1120 1034 1149 ln
1057 1129 1121 1159 cap.
1142 1129 1221 1157 xxiv,
1240 1129 1320 1149 num.
1338 1129 1378 1157 ix,
1396 1120 1523 1149 deletum
1547 1124 1600 1149 est:
1628 1131 1638 1147 (ι
1659 1120 1701 1149 vel

964 1171 1054 1207 poena
1078 1169 1251 1208 privationis
1275 1169 1363 1198 oflicii
1382 1180 1410 1197 a.

1004 1217 1034 1246 In
1052 1227 1116 1256 cap.
1134 1226 1200 1254 xxv,
1219 1227 1298 1246 num.
1317 1218 1484 1257 1,’'positnin
1509 1222 1571 1247 est:
1593 1228 1606 1246 (ι
1624 1219 1703 1256 prior

963 1267 1107 1303 generalis
1130 1277 1164 1296 ex
1187 1267 1345 1306 provinciis
1374 1267 1483 1295 nostris
1505 1266 1643 1304 eligibilis
1666 1267 1703 1295 sit

963 1325 995 1343 ex
1022 1315 1068 1353 iis,
1092 1316 1153 1354 qui,
1177 1316 1256 1345 iuxta
1281 1325 1343 1354 cap.
1369 1324 1415 1350 xv,
1441 1325 1521 1344 mim.
1540 1324 1570 1351 ιι,
1594 1316 1703 1344 exami-

940 1366 942 1373 ’
964 1364 1023 1393 nati
1047 1367 1076 1393 et
1100 1364 1252 1402 approbati
1275 1364 1355 1393 sucre
1372 1374 1400 1392 ».
1424 1381 1461 1386 —-
1484 1363 1568 1393 Num.
1594 1372 1630 1393 vn
1654 1373 1704 1402 po-

963 1413 1050 1441 situm
1073 1417 1131 1442 cst:
1153 1423 1165 1440 (ι
1183 1423 1196 1442 a
1215 1412 1298 1442 nobis
1315 1412 1343 1442 in
1360 1412 1513 1441 Germania
1535 1412 1638 1441 habeat
1654 1422 1702 1442 an-

963 1461 1074 1491 nuatim
1107 1462 1207 1491 saltem
1242 1461 1345 1499 viginti
1375 1461 1430 1490 duo
1459 1465 1540 1490 scuta
1563 1465 1700 1499 argentea

964 1514 1148 1547 roinana3et,
1163 1510 1186 1540 si
1204 1511 1237 1540 ad
1254 1510 1413 1549 capitulum
1428 1514 1477 1538 aut
1493 1509 1616 1539 diaetam
1634 1519 1700 1548 pro-

963 1558 1116 1588 vincialem
1150 1558 1185 1587 ad
1209 1558 1408 1595 visitandum,
1438 1561 1485 1587 aut
1518 1566 1701 1597 quacumque

963 1617 995 1637 ex
1019 1609 1105 1637 causa
1128 1607 1162 1636 ad
1185 1607 1310 1646 aliquem
1333 1617 1367 1636 ex
1384 1607 1492 1636 nostris
1508 1607 1701 1636 conventibus

963 1657 1086 1695 venerit,
1111 1661 1227 1696 praeter
1243 1665 1385 1695 expensas
1401 1656 1435 1686 ad
1452 1656 1596 1694 agendum
1615 1660 1676 1695 post
1694 1657 1701 1673 ¹

963 1706 1126 1745 provincias
1154 1710 1267 1735 nostras
1296 1705 1351 1734 iter
1380 1705 1571 1741 necessarias,
1595 1705 1701 1744 quihus

962 1764 1012 1794 pro
1035 1755 1115 1784 filiali
1139 1754 1167 1783 in
1192 1759 1302 1793 patrem
1327 1763 1410 1783 sunm
1434 1754 1618 1783 observantia
1643 1758 1700 1783 tani

963 1813 1013 1842 pro
1049 1813 1082 1833 eo
1114 1813 1200 1842 quam
1235 1813 1286 1842 pro
1319 1804 1379 1832 suis
1412 1803 1499 1832 sociis
1532 1803 1701 1842 provinciae

962 1857 1077 1882 nostrae
1109 1853 1187 1882 omni
1221 1853 1388 1882 adiumento
1417 1862 1473 1881 non
1505 1853 1626 1882 deerunt
1652 1862 1702 1891 per

962 1907 1052 1931 totuin
1075 1906 1190 1939 teinpus
1218 1910 1275 1939 quo
1305 1901 1382 1930 inter
1408 1910 1460 1930 nos
1488 1901 1639 1930 immorari
1660 1901 1702 1930 di-

961 1950 1110 1987 gnabitur,
1135 1950 1231 1978 omnia
1254 1949 1279 1978 ei
1303 1958 1335 1978 ac
1362 1949 1449 1978 sociis
1479 1958 1528 1987 pro
1558 1949 1701 1987 dignitate

961 1998 1222 2028 sulnninistrentur
1238 2020 1245 2032 ‚
1268 2006 1322 2026 nec
1354 1997 1448 2026 eidem
1480 1997 1563 2027 decet
1589 1998 1700 2028 minora

961 2047 1057 2077 cultus
1086 2046 1294 2085 charitatisque
1326 2046 1407 2084 signa
1438 2046 1512 2085 patri
1542 2046 1699 2084 exhibere,

961 2105 1048 2135 quam
1082 2099 1248 2125 nostrarum
1280 2095 1499 2132 provinciarum
1530 2094 1597 2125 tiliis
1619 2095 1701 2125 exhi-

962 2145 1081 2174 beamus
1096 2155 1122 2174 ».
1139 2161 1177 2166 -
1190 2143 1275 2174 Num.
1295 2152 1340 2172 xiv
1358 2144 1485 2183 positum
1501 2148 1562 2173 est:
1584 2155 1597 2173 <t
1614 2144 1642 2174 in
1660 2145 1700 2175 lo-

962 2204 1028 2225 cum
1051 2194 1179 2224 defuncti
1203 2192 1348 2232 generalis
1365 2196 1445 2222 extra
1464 2193 1629 2232 provincias
1651 2203 1701 2223 no-

963 2248 1035 2274 stras
1047 2266 1054 2280 ‚
1072 2248 1099 2273 et
1121 2243 1208 2278 item,
1223 2242 1246 2271 si
1260 2245 1357 2271 autem
1374 2241 1521 2279 contingat
1536 2241 1564 2270 in
1585 2242 1700 2281 provin-

963 2291 1015 2321 ciis
1038 2291 1146 2321 nostris
1169 2300 1196 2319 ».

1001 2339 1032 2369 In
1057 2349 1119 2377 cap.
1141 2346 1220 2374 xxw,
1236 2347 1317 2368 num.
1335 2347 1354 2375 1,
1373 2338 1499 2377 positum
1522 2342 1581 2368 est:
1603 2350 1615 2368 α
1633 2349 1700 2379 pro-

962 2391 1079 2417 curator
1104 2386 1222 2417 Ordinis
1244 2386 1274 2415 in
1298 2386 1430 2416 Romana.
1457 2387 1547 2416 Curia
1572 2397 1606 2417 ex
1633 2397 1701 2427 pro-

964 2436 1067 2465 vinciis
1090 2435 1196 2465 nostris
1218 2434 1356 2472 eligibilis
1378 2435 1415 2465 sit
1438 2445 1472 2465 ex
1495 2437 1531 2466 iis
1553 2438 1602 2476 qui
1618 2438 1699 2468 iuxta

962 2484 1037 2514 dicta
1060 2493 1125 2523 cap.
1142 2492 1190 2521 xv,
1213 2492 1294 2513 num.
1311 2492 1341 2520 11,
1366 2485 1523 2515 examinati
1546 2489 1573 2515 et
1595 2495 1700 2525 appro-

998 2587 1009 2614 1
1031 2585 1134 2614 Forsan
1149 2593 1206 2621 per
1223 2583 1371 2621 legendum
1389 2593 1438 2621 pro
1453 2589 1520 2622 poet
1538 2586 1580 2622 (n.
1597 2586 1647 2622 Μ.

1709 201 1753 224 λη,
1794 200 1799 223 2
