2139 3142
789 197 980 222 BENEDICTUS
1006 197 1063 220 x111
1087 197 1135 220 re.
1606 184 1669 217 849
1716 194 1763 219 An.
1786 193 1813 220 C.
1833 193 1898 220 1729

188 248 301 280 eadem
337 247 441 279 forma
489 257 570 288 quae
605 251 723 279 statuta
763 246 926 289 reperitur
946 265 948 302 ἶ
969 245 1127 278 obnoxius
1154 245 1351 277 contrarium
1378 254 1440 276 non
1467 242 1650 286 probaverit
1675 247 1705 274 et

189 300 220 332 in
247 299 384 342 publicis
411 298 524 331 edictis
562 299 708 342 superius
737 299 925 332 memoratis
946 309 947 336 ξ
968 295 1117 331 constare
1144 297 1312 331 curaverit.

188 357 301 386 contra
325 361 399 384 reos
425 357 673 393 cooperatores,
699 352 922 392 auxiliatores,
945 344 947 385 s
1013 352 1027 394 g
1052 351 1083 384 0.
1111 351 1154 383 Ne
1180 355 1286 383 autem
1313 355 1479 383 exactores
1504 350 1701 388 camerales,
1730 359 1799 380 Poena
1817 367 1835 380 m
1852 366 1898 380 ffi-

188 405 363 448 complices
390 410 421 436 et
446 404 619 447 participes
644 404 720 437 olim
746 405 896 446 vulgatis.
945 400 988 439 ÷¹ii
1014 404 1189 447 praecipue
1224 403 1277 446 qui
1303 403 1335 435 in
1371 402 1583 445 vectigalibus
1608 388 1784 444 gene-3⁰13?
1805 393 1899 441 ῑηῖῐῗιῗιῖἶ.

231 458 245 500 ξ
271 456 302 490 8.
322 456 400 495 Quia
422 467 496 489 vero
516 457 738 498 gravissimum
761 462 849 489 esset
866 457 924 489 eri·
944 448 947 476 ἶ
968 457 1091 490 ralibus
1117 462 1148 489 et
1173 456 1421 499 particularibus
1453 455 1623 498 utriusque
1650 437 1899 491 tin-2{''}¹'},›,f.-'.‘i14³‚'.¹⁵

944 509 946 539 l
967 520 1070 543 nonae
1103 509 1330 542 frumentariae
1358 514 1387 541 et
1421 508 1586 551 grasciae,
1608 508 1703 551 inque

967 563 1072 595 Monte
1097 562 1228 594 Pietatis
1256 567 1286 594 et
1310 563 1421 593 mensa
1445 561 1476 593 S.
1494 560 1630 603 Spiritus
1650 571 1704 603 pe-

967 616 1078 648 cunias
1098 625 1115 647 a
1133 614 1336 647 debitoribus
1354 613 1493 655 exigere,
1513 617 1704 655 exactasque

944 666 1193 710 *principalium
1227 666 1430 700 dominorum
1467 665 1603 698 arbitrio
1638 675 1705 698 scr—

0 199 45 226 An.
65 197 94 226 C.
113 198 181 225 1729

0 471 65 492 Ρονηῆ
82 471 102 491 in
118 476 174 502 sont--

0 499 260 553 iffissff'sstssil'ssmen
297 509 496 542 infidelitatis
540 509 579 541 ab
627 509 663 541 iis
699 515 922 552 computorum

0 550 399 606 illffiolffidsssslssffscriptoribus
434 567 465 594 et
501 561 683 595 rationariis
710 562 920 602 commissae,

0 605 67 622 'culos
91 608 174 622 nflmtfla

0 628 148 655 momorum.
187 615 252 658 qui,
279 620 314 646 ut
339 614 465 647 facilius
498 615 669 658 pecuniam
700 615 758 646 sub
784 615 869 647 bona
893 619 925 646 et

187 667 317 710 publica
353 666 415 700 fide
441 667 502 700 sibi
528 666 683 699 creditam
709 672 740 699 et
765 667 923 709 deposita·

188 725 250 751 tam
286 719 318 751 in
343 718 491 762 proprios
517 720 565 752 rel
590 719 711 752 alienos
735 729 810 751 usus
848 729 923 751 con-

186 777 352 805 verterent
375 773 424 804 vel
449 777 601 804 curarent
630 777 663 803 ut
687 772 726 804 ab
751 771 822 804 aliis
852 781 925 803 con—

185 825 265 859 verti
297 829 427 868 posset,
462 824 526 857 sire
559 824 621 857 alia
658 834 860 867 quacumque
885 824 924 856 de

186 880 294 918 causa,
320 877 353 909 in
379 877 541 909 consuetis
567 877 731 910 codicibus
758 882 788 908 et
812 876 922 917 libris,

186 936 221 962 ut.
255 929 487 973 scripturarum
523 931 636 972 regula
673 930 712 961 ab
748 929 826 972 ipsis
863 939 923 971 pro

186 983 316 1016 illorum
334 982 440 1015 officio
457 982 541 1015 bene
559 982 739 1014 exercendo
764 983 922 1024 postulat,

184 1046 303 1069 nomen
330 1036 380 1067 vel
406 1035 536 1067 nomina
562 1034 784 1077 depositorum
805 1044 924 1076 nequa-

185 1099 280 1132 quam
307 1088 547 1127 describerent,
575 1088 635 1120 bac
660 1090 770 1120 nostra
806 1088 923 1130 pagina

183 1147 376 1186 perpetuum
403 1142 501 1174 robur
527 1141 675 1173 habitura
700 1141 922 1180 declaramus,

184 1195 391 1229 decernimus
428 1199 459 1227 et
495 1194 689 1233 statuimus,
721 1194 867 1236 singulos
893 1200 923 1226 et

185 1258 406 1293 quoscumque
431 1248 627 1280 rationarios
653 1253 683 1280 et
699 1253 921 1291 computorum

183 1303 373 1345 scriptores,
401 1301 456 1344 qui
481 1301 543 1334 boc
566 1301 662 1333 modo
681 1301 710 1333 in
733 1311 790 1333 suo
817 1300 922 1334 officio

184 1354 371 1388 exercendo
395 1363 548 1397 peccasse
587 1355 635 1386 vel
672 1354 791 1384 factum
818 1352 922 1385 simile

185 1408 304 1442 fraudis
336 1412 369 1440 et
401 1407 605 1440 infidelitatis
645 1406 841 1439 commisisse
872 1408 921 1439 vel

183 1460 452 1496 committendum
470 1470 599 1493 curasse
617 1459 775 1502 comperti
790 1459 920 1498 fuerint,

184 1516 234 1548 vel
261 1514 325 1558 qui,
352 1513 534 1556 cuiuspiam
560 1513 704 1546 nominis
730 1511 920 1545 veritatem¹

184 1567 414 1607 describendo,
439 1577 495 1600 seu
521 1566 677 1598 minorem
696 1575 852 1598 summam
871 1567 920 1604 ea,

184 1632 266 1665 quae
290 1630 362 1653 vere
389 1619 537 1663 deposita
563 1618 688 1658 esset‘2,
709 1623 772 1650 tam
794 1623 921 1651 nostrae

183 1675 335 1707 Gamerae
359 1672 567 1716 Apostolicae
594 1682 688 1715 quam
714 1671 842 1704 alterius
868 1681 921 1703 cu-

183 1729 373 1770 iuscumque
392 1726 513 1759 domini
532 1731 564 1758 et
580 1724 748 1758 creditoris
764 1724 921 1767 pecuniae

184 1780 367 1824 depositae,
393 1779 425 1811 in
452 1778 619 1811 codicibus
644 1782 676 1810 et
694 1777 784 1809 libris
803 1777 918 1810 descri-

183 1833 347 1878 psissent,
373 1833 489 1866 damno
511 1832 587 1864 inde
619 1836 757 1874 sequuto
783 1831 831 1863 vel
857 1841 920 1863 non

183 1891 344 1929 sequuto,
370 1884 506 1917 iudicari
536 1889 568 1917 et
593 1884 701 1927 reipsa
736 1883 843 1926 puniri
871 1883 922 1915 de-

184 1938 284 1972 beant
308 1939 346 1971 ad
372 1939 517 1979 regulam
555 1942 588 1970 et
623 1937 759 1979 gradum
795 1946 920 1979 poenae

184 1990 398 2035 pecuniariae
419 1996 450 2023 et
475 1990 655 2033 corporalis
684 1989 830 2032 superius
866 1989 922 2022 im-

183 2044 310 2088 positae
335 2043 367 2075 in
394 2043 484 2076 sactis
520 2048 552 2075 et
583 2042 708 2075 casibus
733 2048 844 2075 contra
869 2043 922 2075 de-

183 2096 358 2141 positarios
384 2100 416 2128 et
442 2095 581 2128 arcarios
610 2095 787 2128 secundum
824 2095 923 2137 quali-

184 2155 282 2183 tatem
307 2155 339 2182 et
363 2147 621 2181 circumstantias
646 2157 757 2180 eorum
777 2147 919 2180 inflictis.

185 2203 231 2236 Ad
257 2203 338 2235 haec
361 2201 522 2234 sancimus
561 2206 593 2234 et
624 2201 794 2234 statuendo
819 2201 922 2234 decla-

183 2266 291 2290 ramus
309 2255 427 2288 factum
455 2254 687 2288 commissionis
709 2254 757 2286 vel
775 2254 922 2287 omissio-

183 2309 234 2342 nis
259 2314 421 2351 tamquam
447 2307 595 2340 dolosum
625 2313 657 2340 et
681 2307 920 2340 fraudulentum

183 2371 311 2405 semper
336 2360 539 2403 babendum,
573 2361 725 2404 maloque
755 2360 862 2393 animo
889 2365 920 2394 et

182 2414 246 2448 fine
276 2413 474 2457 cogitatum,
509 2413 775 2457 quotiescumque
808 2414 919 2457 culpae

219 2541 230 2566 1
253 2538 348 2574 Aliqua
367 2537 474 2571 desunt,
496 2538 538 2565 vel
558 2538 637 2566 aliter
655 2539 801 2574 legendum
817 2539 853 2575 (n.
868 2539 916 2573 Τ.).

216 2583 234 2611 2
253 2583 304 2612 Ed.
320 2582 401 2611 Μαίη.
417 2582 483 2619 legit
496 2586 586 2612 essent
600 2584 642 2618 (rt.
658 2584 706 2618 1.).

268 2636 348 2667 Bull.
368 2637 456 2667 Rom.
472 2652 506 2659 —
524 2638 587 2667 Vol.
610 2636 704 2668 XXII.
847 2636 898 2664 107

968 720 1086 753 vandas
1111 720 1276 763 deponere
1302 719 1443 758 debent,
1462 717 1524 751 side
1545 718 1605 750 sibi
1632 718 1705 750 data

966 773 1079 816 suique
1104 772 1198 805 officii
1225 771 1399 805 commodo
1424 771 1528 810 abuti,
1559 771 1623 803 sive
1650 781 1703 803 aes

968 832 999 859 et
1023 825 1175 868 pecunias
1209 829 1355 863 exactas,
1388 833 1511 866 perque
1549 834 1605 856 eos
1639 833 1705 855 non

968 878 1140 921 depositas,
1155 877 1186 909 in
1212 887 1304 909 suum
1326 877 1375 909 vel
1402 876 1541 908 alienum
1568 886 1705 908 commo-

968 931 1041 964 dum
1067 934 1255 963 convertere
1282 940 1422 972 unquam
1450 928 1585 971 possint,
1614 938 1705 971 prae-

967 984 1105 1017 sentium
1132 988 1242 1015 tenore
1269 981 1414 1014 districte
1440 981 1647 1020 mandamus,
1672 986 1706 1012 ut

967 1042 1048 1070 totas
1064 1036 1188 1078 integre
1207 1040 1238 1068 et
1254 1039 1416 1078 prompte,
1431 1034 1706 1077 quemadmodum

967 1100 1004 1122 ex
1030 1089 1136 1122 officio
1163 1093 1339 1127 tenentur,
1360 1088 1465 1119 statim
1488 1098 1524 1120 ac
1549 1097 1606 1130 per
1631 1088 1704 1120 illos

967 1148 1096 1176 exactae
1124 1141 1258 1179 fuerint,
1289 1141 1451 1183 deponere
1470 1140 1627 1180 debeant,
1653 1140 1705 1173 dc-

966 1200 1145 1233 cernentes,
1167 1198 1211 1232 ut,
1232 1193 1285 1236 qui
1311 1203 1364 1226 eas
1390 1203 1456 1225 non
1483 1192 1702 1235 deposuerint,

966 1250 1015 1281 vel
1033 1248 1065 1280 in
1092 1247 1215 1280 alienos
1241 1256 1316 1278 usus
1331 1256 1390 1289 pro
1412 1245 1546 1279 arbitrio
1571 1255 1705 1278 eonver-

967 1301 1084 1341 terint,
1109 1305 1245 1343 sequuto
1279 1299 1353 1332 inde
1388 1300 1437 1332 rel
1469 1309 1533 1331 non
1567 1304 1703 1341 sequuto

966 1355 1082 1387 damno
1101 1353 1253 1386 Gamerae
1271 1358 1401 1385 nostrae
1416 1351 1630 1394 Apostolicae,
1652 1362 1704 1384 ve-

965 1407 1130 1450 ctigalium
1159 1406 1328 1449 utriusque
1355 1405 1705 1444 anonnae‚frumenta-

942 1465 944 1477 ¹
965 1461 1032 1493 riae
1057 1459 1206 1492 nimirum
1242 1465 1272 1491 et
1298 1457 1455 1501 grasciae,
1494 1457 1609 1490 Montis
1635 1458 1705 1500 pie-

966 1513 1038 1546 tatis
1064 1518 1096 1546 et
1121 1522 1252 1545 mensae
1277 1511 1306 1544 S.
1332 1511 1482 1554 Spiritus,
1510 1510 1542 1542 in
1568 1510 1704 1553 singulis

965 1567 1090 1599 casibus
1115 1576 1226 1599 severo
1251 1565 1371 1598 iudicio
1397 1563 1580 1596 iudicentur
1597 1568 1630 1595 et
1649 1573 1705 1605 pu-

965 1620 1094 1652 niantur
1119 1620 1158 1652 ad
1191 1619 1297 1661 legem
1335 1622 1365 1651 et
1396 1627 1542 1650 normam
1569 1627 1585 1648 a
1610 1616 1704 1649 nobis

965 1673 1127 1706 decretam
1148 1677 1180 1704 et
1203 1671 1378 1704 stabilitam
1404 1676 1517 1703 contra
1542 1668 1704 1712 deposita-

965 1716 1040 1765 rios,
1067 1724 1225 1765 arcarios,
1252 1722 1447 1756 rationarios
1472 1727 1503 1754 et
1535 1725 1703 1765 computo-

964 1789 1035 1811 rum
1061 1778 1239 1820 scriptores
1263 1782 1297 1809 ut
1323 1786 1430 1818 supra.

1008 1834 1022 1876 ξ
1047 1832 1099 1865 10.
1128 1832 1280 1865 Volentes
1313 1831 1409 1864 etiam
1436 1840 1494 1873 pro
1519 1829 1635 1863 nostris
1660 1830 1703 1862 vi-
1726 1837 1896 1858 Fraudeztncu-

1713 1865 1896 1889 s'otltapiguoruin

965 1886 1054 1918 ribus
1078 1885 1250 1928 impedire,
1275 1894 1315 1917 ne
1340 1884 1480 1923 fraudes,
1507 1893 1590 1926 quae
1616 1891 1896 1916 coni—facmwuomodo

1712 1918 1841 1944 puniendam

964 1938 1087 1982 pluries
1106 1938 1206 1970 factae
1232 1937 1361 1969 fuerunt
1378 1937 1411 1969 in
1428 1936 1571 1969 custodia
1593 1936 1704 1979 pigno·

964 2002 1036 2024 rum
1059 1991 1174 2024 Montis
1200 1990 1330 2034 pietatis
1349 2017 1356 2031 ‚
1383 1999 1511 2022 rursum
1548 1989 1704 2032 imposte-

965 2055 1036 2077 rum
1062 2044 1140 2077 siaut
1161 2050 1192 2077 et
1209 2043 1464 2083 committantur,
1480 2043 1702 2086 praesentium

965 2102 1080 2130 tenore
1106 2096 1254 2129 iubemus
1270 2122 1277 2136 ,
1303 2095 1454 2128 custodes
1479 2100 1510 2128 et
1535 2095 1704 2129 subcusto-

966 2151 1023 2184 des
1048 2150 1221 2193 pignorum
1240 2149 1384 2182 eiusdem
1401 2148 1527 2190 Montis,
1546 2159 1649 2192 aeque
1667 2159 1704 2181 ac

965 2203 1168 2236 iudicialium
1192 2201 1415 2245 Depositariae
1440 2201 1589 2234 Urbanae
1613 2201 1704 2234 aesti-

965 2261 1144 2296 matorum,
1165 2255 1480 2294 subaestimatorum‚
1499 2254 1703 2298 aliorumque

964 2309 1212 2348 ministrorum,
1239 2308 1278 2341 ad
1314 2307 1481 2340 servitium
1517 2307 1562 2350 pii
1594 2308 1703 2350 operis

964 2361 1080 2394 Montis
1106 2360 1236 2403 pietatis
1261 2360 1295 2392 in
1317 2364 1495 2393 memorato
1520 2358 1625 2392 officio
1644 2359 1702 2392 De-

963 2413 1137 2458 positariae
1162 2412 1310 2447 Urbanae
1336 2413 1529 2453 electorum,
1557 2411 1612 2455 qui
1637 2411 1701 2445 fide

962 2467 1023 2501 sibi
1049 2467 1130 2507 data,
1156 2466 1411 2510 commodoque,
1438 2465 1525 2509 quod
1550 2465 1596 2498 eis
1619 2475 1702 2509 pro-

961 2520 1069 2564 prium
1093 2529 1209 2553 munus
1233 2518 1468 2559 subministrat,
1487 2518 1598 2562 inique
1623 2517 1702 2550 abu-

961 2578 1091 2616 tentes,
1120 2573 1202 2608 clam
1226 2577 1257 2607 et
1281 2571 1391 2608 dolose
1415 2571 1534 2616 pignus
1567 2570 1699 2615 aliquod
