2170 3147
39 206 86 233 An.
102 204 130 232 C.
154 204 221 232 1726
811 205 1005 229 BENEDICTUS
1032 205 1085 229 xm
1113 206 1160 229 rr,

230 263 292 296 que
327 251 562 286 efficacioribus
600 258 631 285 et
665 252 806 286 insolitis
840 254 966 286 clausu-

229 305 278 347 lis,
304 316 340 338 ae
364 305 569 338 irritantibus
595 311 626 338 et
651 306 722 338 aliis
749 306 912 344 decretis,
933 306 966 338 in

229 359 427 391 contrarium
446 359 702 402 praemissorum
717 358 967 401 quomodolibet,

230 411 409 448 concessis,
434 411 634 444 confirmatis
653 416 685 444 et
702 411 877 451 innovatis3
898 412 965 454 qui-

229 464 288 497 bus
313 464 466 497 omnibus
486 470 518 497 et
534 465 683 507 singulis,
701 463 826 497 etiamsi
847 464 885 496 de
903 464 967 497 illis

231 527 409 561 eorumque
428 517 501 550 totis
524 517 690 550 tenoribus
708 517 878 559 specialis,
900 527 967 560 spe-

230 569 339 609 cifica,
366 580 519 613 expressa
543 580 579 602 ac
597 570 635 603 de
660 570 759 602 verbo
778 570 816 602 ad
833 570 967 602 verbum

231 623 355 656 mentio
383 623 536 656 habenda
563 624 658 662 foret,
683 633 798 656 corum
824 622 967 655 omnium

231 680 263 708 et
287 676 493 719 singulorum
511 682 639 709 tenores
661 675 886 719 praesentibus
908 686 965 717 pro

230 729 327 772 plene
359 734 391 761 et
423 729 624 762 sufficienter
662 728 822 772 expressis
859 738 894 760 ac
929 728 967 760 ad

231 781 365 814 verbum
387 781 517 814 insertis
544 781 720 820 hahentes,
745 781 810 814 illis
828 780 908 813 alias
936 780 968 812 in

231 843 288 867 suo
314 834 433 867 robore
454 834 693 877 permansuris,
716 834 776 866 hae
795 834 860 866 vice
879 834 969 866 dum-

233 890 327 927 taxat,
355 887 540 930 specialiter
576 892 608 920 et
643 897 798 930 expresse
834 879 992 928 deroga-²

230 950 322 980 mus3
348 941 531 983 ceterisque
555 940 728 973 contrariis
757 940 968 983 quibuscum·
990 952 992 965 τ

231 1003 305 1036 que.
333 993 487 1026 Volumus
528 999 636 1026 autem
678 999 712 1026 ut
745 993 969 1036 praesentium

231 1046 413 1079 litterarum
429 1047 654 1090 transumptis,
674 1046 770 1079 etiam
784 1046 967 1089 impressis,

230 1110 326 1132 manu
341 1100 508 1133 secretarii
528 1100 631 1133 dictae
642 1099 969 1142 Congregationisvel
991 1109 992 1117 ¹

231 1152 349 1185 notarii
386 1152 511 1195 publici
549 1152 739 1196 subscriptis
752 1151 770 1192 ¹,
798 1158 829 1185 et
860 1152 970 1194 sigillo

231 1258 372 1301 gationis
398 1263 453 1290 aut
476 1268 638 1302 personae
673 1258 704 1290 in
737 1258 896 1300 dignitate
924 1268 971 1290 ee-

232 1311 416 1344 clesiastica
449 1311 646 1344 constitutae
680 1311 834 1350 munitis,
857 1311 970 1343 eadem

231 1374 368 1407 prorsus
393 1363 474 1397 fides
499 1364 530 1396 in
564 1364 685 1397 iudicio
713 1370 744 1397 et
769 1364 971 1405 ext1·a;{.;illu‹t

232 1417 447 1458 adhibeatur,
476 1428 559 1461 quae
585 1417 816 1461 praesentibus
837 1417 971 1450 adhibe-

232 1475 324 1503 retur
348 1471 375 1503 si
402 1471 510 1503 ferent
534 1471 702 1503 exhibitae
727 1471 775 1503 vel
802 1475 968 1503 ostensae.

269 1532 366 1559 Datum
387 1532 497 1566 Romae,
518 1532 589 1567 apud
610 1532 634 1558 S.
653 1532 781 1563 Marcum,
802 1532 851 1558 sub
872 1532 972 1558 annulo

235 1575 397 1608 piscatoris,
419 1576 462 1602 die
491 1583 515 1602 ιν
545 1576 638 1611 aprilis
670 1582 778 1609 uncxit,
800 1576 972 1611 pontificatus

234 1621 318 1648 nostri
337 1628 408 1647 anno
429 1627 475 1648 vu.

97 1695 223 1716 Conna-1110
279 1684 294 1727 ἓ
317 1683 370 1716 ll.
395 1683 533 1716 Litterae
560 1693 634 1715 rere
661 1682 806 1725 Gregorii
834 1683 883 1715 XV
912 1683 971 1716 hae
993 1698 995 1720 χ

41 1721 136 1747 Gregorii
170 1722 224 1745 XV,

42 1754 83 1778 qna
96 1749 169 1777 iterum
181 1754 223 1774 pri·
236 1742 311 1771 sunt
323 1748 330 1770 ἱ

40 1775 224 1822 &iiii-⁰⁰⁰⁶*
279 1790 453 1833 Greyorz'us
477 1790 572 1834 Papa
604 1790 676 1829 XV,
711 1789 753 1822 ad
783 1794 972 1833 perpetuam

233 1843 283 1876 rei
320 1843 522 1875 memoriam.
564 1842 597 1875 ln
635 1843 839 1886 Apostolicae
881 1842 972 1875 Sedis

234 1897 370 1940 specula
405 1896 530 1929 meritis
557 1896 634 1929 licet
667 1896 846 1939 imparibus
871 1906 888 1928 a
914 1895 970 1928 Do-

234 1949 322 1982 mino
347 1949 533 1989 constituti,
568 1949 606 1982 ad
634 1959 671 1982 ea
696 1948 872 1992 praecipue
899 1958 974 1991 pro-

234 2000 380 2035 videnda
398 2001 516 2034 mentis
542 2001 646 2034 aciem
673 2000 888 2041 intendimus,
915 2011 974 2043 per

236 2065 319 2099 qnae
344 2054 487 2097 religiosi
513 2054 570 2086 viri
589 2054 619 2086 in
639 2054 880 2097 perseveranti-81
905 2055 974 2087 lau-

237 2107 394 2141 dabilium
421 2117 557 2150 operum
584 2107 757 2140 ferventius
783 2106 971 2140 incitentur.

236 2161 318 2194 Ilinc
344 2160 514 2203 estquod,
541 2170 610 2192 cum
645 2159 757 2192 dilecti
791 2160 848 2192 filii
882 2169 974 2203 prae-

236 2214 362 2257 positus
399 2212 562 2255 generalis
597 2217 627 2245 et
659 2212 768 2246 cleriei
807 2213 974 2255 regulares

236 2266 507 2309 Congregationis
531 2265 748 2304 Teatinorum‚
769 2265 831 2297 iam
858 2265 932 2298 inde
959 2276 975 2298 a

236 2319 417 2363 primordio
448 2329 525 2351 suae
563 2318 830 2362 Congregationis
866 2319 976 2351 huius·

237 2373 324 2406 modi
350 2383 410 2416 per
441 2371 545 2405 felleis
574 2372 811 2405 reeordationis
843 2372 975 2405 Paulum

237 2427 356 2470 Papam
374 2424 410 2458 lV
426 2425 708 2467 praedecessorem
727 2430 882 2465 nostrum,
901 2425 976 2458 dum

238 2479 271 2512 in
307 2478 488 2511 minoribus
525 2477 719 2510 constitutus
749 2484 853 2517 esset,
880 2478 977 2511 alies-

239 2543 302 2576 que
339 2531 457 2574 insigni
496 2530 660 2573 probitate
700 2530 786 2563 viros
820 2531 888 2563 eius
926 2526 999 2564 so-'

277 2595 286 2622 1
311 2594 410 2622 Vocem
429 2593 595 2628 subscriptis
619 2600 669 2621 nos
689 2592 812 2620 addimus
831 2593 870 2629 (a.
891 2593 940 2628 τ.).

1010 254 1077 286 cios
1102 253 1313 287 laudabiliter
1338 254 1517 294 institutae,
1540 253 1637 287 bonis
1662 253 1749 286 insti-

1012 306 1087 338 tutis
1113 307 1242 339 assidue
1276 307 1511 346 inhaerentes,
1537 318 1628 350 spem
1661 317 1750 339 suam

1011 369 1140 391 omnem
1166 359 1196 391 in
1233 360 1298 392 Deo
1335 360 1540 399 collocarint,
1566 365 1598 392 et
1626 359 1749 393 fallacis

1011 413 1133 445 saeculi
1171 412 1300 445 calcatis
1338 413 1487 453 deliciis,
1515 413 1576 445 sibi
1614 413 1750 456 aliisque

1010 464 1111 496 verbo
1138 469 1234 507 atquc
1261 466 1407 508 exemplo
1444 466 1523 499 caeli
1550 467 1633 499 viam
1657 471 1748 509 pate·

1013 516 1119 549 facere
1147 528 1310 560 nunquam
1338 524 1483 558 cessent,
1512 529 1569 551 nos
1603 529 1661 561 pro
1694 529 1750 562 pa-

1013 569 1141 601 storalis
1167 569 1264 602 oflicii
1290 571 1400 604 debito
1426 572 1567 604 libenter
1593 571 1664 605 illos
1696 582 1751 614 pa-

1014 624 1105 655 terna
1131 623 1291 656 charitate
1311 625 1552 667 amplectimur,
1570 631 1601 657 et
1619 636 1656 658 ea
1674 625 1751 668 ipsis

1013 675 1200 718 specialiter
1225 677 1441 717 concedimus,
1468 689 1550 721 quae
1569 688 1683 711 eorum
1706 677 1753 709 in-

990 769 991 779 *
1013 729 1124 762 stituto
1150 739 1186 761 ac
1211 729 1372 772 profectui
1395 731 1613 774 conspicimus
1638 731 1670 763 in
1695 731 1753 763 Do-

1013 781 1102 813 mino
1136 781 1320 824 profutura.
1352 782 1438 815 Motu
1465 783 1572 826 itaque
1598 783 1752 826 proprio,

1014 839 1044 866 et
1070 844 1105 866 ex
1133 837 1221 867 certa
1253 835 1389 868 scientia
1425 838 1551 875 nostra,
1582 837 1688 879 deque
1721 846 1752 867 a·

1014 887 1194 930 postolieae
1213 888 1381 931 potestatis
1401 889 1621 931 plenitudine,
1645 888 1754 921 omnia

1014 946 1046 972 et
1071 940 1198 983 singula
1222 941 1407 984 privilegia,
1435 942 1617 981 facultates,
1645 952 1750 975 exem·

1014 993 1155 1035 ptiones,
1181 993 1416 1032 immunitates,
1442 995 1561 1036 gratias
1580 1000 1611 1027 et
1628 994 1754 1028 indulta

1014 1046 1237 1088 principaliter
1262 1047 1310 1079 vel
1337 1057 1395 1089 per
1420 1047 1754 1080 communicationem

1015 1098 1093 1130 alias
1134 1098 1383 1141 quomodolibet
1423 1099 1677 1142 Congregationi
1723 1106 1755 1133 et

991 1180 993 1184 ,
1014 1151 1142 1183 clericis
1167 1151 1341 1194 praedictis
1367 1162 1671 1196 per‚quoscumque
1693 1153 1754 1186 Ro-

231 1204 409 1248 praepositi
446 1205 609 1248 generalis
646 1205 791 1238 eiusdem
828 1204 993 1247 Congre-·

1016 1215 1128 1237 manos
1153 1205 1327 1238 Pontifices
1346 1212 1377 1238 et
1394 1206 1665 1249 praedecessores
1699 1217 1754 1240 no·

1014 1263 1097 1290 stros
1123 1269 1158 1290 ac
1183 1258 1301 1291 Sedem
1329 1259 1548 1302 Apostolieam
1573 1270 1751 1300 concessa,

1015 1322 1153 1355 quorum
1184 1317 1315 1344 tenores
1340 1313 1570 1355 praesentibus
1606 1324 1665 1356 pro
1701 1323 1753 1346 ex-

1015 1365 1133 1408 pressis
1160 1364 1272 1397 haberi
1309 1366 1471 1406 volumus
1498 1366 1679 1409 apostolica
1703 1377 1754 1399 au-

1015 1418 1174 1457 ctoritate,
1197 1422 1308 1451 tenore
1335 1418 1565 1461 praesentium,
1594 1424 1754 1461 perpetuo

993 1470 1242 1503 confirmamus
1280 1476 1310 1503 et
1346 1472 1584 1514 approbamus,
1622 1472 1753 1515 illisque

992 1530 1195 1566 ,perpetuae
1237 1529 1268 1556 ct
1300 1523 1516 1564 inviolabilis,
1554 1525 1754 1567 apostolicae

1016 1576 1176 1609 firmitatis
1197 1577 1297 1609 robur
1315 1577 1502 1617 adiicimus;
1524 1588 1626 1620 eaque
1646 1579 1755 1611 omnia

1016 1635 1048 1662 ct
1073 1630 1199 1672 singula
1226 1632 1415 1663 innovamus
1436 1634 1465 1663 et
1483 1631 1522 1663 de
1549 1641 1631 1663 novo
1658 1632 1754 1665 etiam

1016 1683 1237 1716 concedimus.
1264 1682 1423 1721 Quocirca
1449 1683 1606 1716 universis
1633 1689 1665 1716 et
1689 1685 1755 1717 sin-

1017 1736 1098 1778 gulis
1118 1736 1357 1769 venerabilibus
1375 1736 1526 1769 fratribus
1544 1736 1753 1779 patriarchis,

1017 1789 1287 1833 archiepiscopis,
1302 1790 1474 1832 episcopis,
1489 1800 1524 1823 ae
1540 1790 1667 1823 dilect1s
1682 1790 1754 1824 [iliis

993 1842 1205 1884 abhatibus,
1232 1843 1397 1885 priorIbus
1432 1848 1463 1875 et
1495 1843 1565 1875 aliis
1601 1844 1753 1886 personis

1017 1895 1047 1927 in
1075 1895 1232 1938 dignitate
1251 1895 1472 1928 ecclesiastiea
1494 1896 1678 1929 constitutis
1697 1907 1755 1940 per

1016 1954 1208 1992 praesentes
1237 1948 1469 1981 committimus
1495 1954 1525 1981 ct
1550 1950 1752 1989 mandamus,

1018 2006 1178 2044 qimtcnus
1193 2001 1268 2044 ipsi,
1288 2002 1335 2034 vel
1354 2001 1432 2041 duo,
1452 2007 1506 2033 aut
1525 2012 1607 2035 unus
1625 2013 1752 2042 eorum,

1016 2065 1074 2097 per
1092 2065 1135 2094 se,
1158 2055 1206 2086 vel
1220 2054 1329 2094 alium,
1344 2064 1399 2087 seu
1415 2054 1504 2094 alios,
1520 2055 1652 2088 easdem
1667 2065 1755 2098 prae-

1016 2112 1124 2140 sentes
1150 2107 1273 2140 litteras
1299 2113 1330 2141 et
1355 2107 1386 2140 in
1413 2108 1458 2140 eis
1479 2113 1631 2141 contenta
1657 2120 1755 2152 quae-

1017 2171 1163 2204 cumque,
1190 2160 1244 2193 ubi
1272 2166 1303 2193 et
1328 2161 1457 2204 quando
1483 2172 1563 2204 opus
1588 2162 1698 2202 fuerit,
1725 2168 1756 2195 et

1018 2214 1146 2256 quoties
1172 2224 1230 2256 pro
1256 2218 1348 2257 parte
1382 2214 1561 2257 praepositi
1594 2215 1755 2256 generalis

1019 2266 1221 2310 aliorumque
1249 2266 1452 2309 superiorem
1487 2266 1591 2300 dietae
1616 2267 1756 2310 Congre-

1019 2319 1157 2361 gationis
1184 2329 1242 2362 pro
1270 2324 1415 2361 tempore
1446 2320 1653 2353 existentium
1686 2321 1755 2354 fne-

996 2372 1083 2410 11‘int
1113 2371 1280 2415 requisiti,
1307 2371 1495 2405 solemniter
1531 2373 1753 2416 publicantes,

1020 2425 1132 2468 eisque
1156 2425 1188 2457 in
1215 2425 1404 2467 praemissis
1429 2425 1569 2458 efficacis
1595 2426 1756 2461 defensio-

1020 2479 1068 2510 nis
1093 2478 1257 2521 praesidio
1283 2478 1479 2519 assistentes,
1503 2478 1622 2511 faciant
1647 2484 1757 2513 aucto·-

1021 2531 1113 2564 ritate
1139 2533 1248 2564 nostra
1273 2531 1397 2578 litteras
1416 2537 1543 2565 nostras
1569 2533 1756 2566 huiusmodi

1020 2585 1059 2617 ab
1092 2584 1261 2626 omnibus,
1292 2584 1330 2617 ad
1363 2595 1443 2628 quos
1480 2590 1604 2629 spectat
1634 2590 1665 2619 et
1696 2596 1756 2630 pro

1648 196 1712 229 423
1759 206 1807 231 An.
1826 204 1854 232 C.
1878 205 1947 232 ¹726
