2139 3142
813 285 905 307 tucax
935 285 1036 307 annun
1586 270 1647 304 901

921 387 946 421 O

164 495 308 529 Officium
333 494 364 527 S.
384 494 529 536 Gregorii
553 494 654 537 Papae
679 493 800 526 v11.-
824 492 931 525 Edicta
955 492 1130 532 nonnulla,
1154 490 1277 532 aliaque
1301 494 1388 532 gesta
1413 499 1468 532 per
1493 489 1697 531 magistratus

249 557 305 580 seu
322 547 471 580 officiales
489 551 518 579 et
538 547 697 579 ministros
714 545 889 578 saeculares
906 543 1233 576 adversusdecretum
1251 541 1440 574 extensionis
1455 542 1552 584 officii
1568 541 1601 574 S.
1622 541 1702 574 Gre-

251 601 338 643 9orz‘i
360 600 470 643 Papae
499 599 563 631 VII
583 599 620 631 ad
645 598 807 631 universos
832 593 1050 630 christifideles
1081 595 1134 638 qui
1166 595 1204 627 ad
1228 594 1322 627 horas
1353 593 1520 627 canonicas
1551 599 1698 626 tenentur

250 664 269 685 a
291 653 346 686 SS.
364 652 492 693 editum,
517 652 603 684 nulla
627 650 810 690 declaravit,
831 648 1002 691 eademque
1021 647 1158 680 abolevit
1182 651 1212 680 et
1235 646 1402 686 revocavit,
1423 645 1486 678 860
1511 646 1528 678 b
1553 651 1583 679 et
1607 657 1671 690 seq.
1686 658 1699 685 ,·

250 704 322 737 vide
345 704 430 736 Libri
455 703 619 746 prohibiti.

164 765 309 799 Officium
334 764 363 797 S.
401 783 443 787 -—
467 764 497 797 S.
523 764 623 796 Osticii
648 763 800 795 ministris
835 762 1044 805 indulgentias
1076 771 1185 793 omnes
1216 765 1246 792 et
1271 760 1385 802 gratias
1422 760 1499 793 alias
1535 770 1699 794 concessas

255 816 463 855 confirmavit,
489 814 552 847 5026
576 826 606 848 α.

164 869 332 909 Olivetani‚
355 869 426 901 vide
448 867 590 901 Monaehi
615 866 739 900 Ordinis
763 867 792 900 S.
818 866 975 899 Benedicti
1000 866 1257 908 Congregationis
1281 865 1392 898 Montis
1417 865 1537 898 Oliveti.

165 922 297 956 Ordines
320 921 572 954 Mendicantium.
597 939 641 943 ——
664 921 709 953 Ne
734 925 905 953 conventus
930 919 1115 962 quorumvis
1139 918 1290 950 Ordinum
1323 917 1565 951 Mendicantium
1598 918 1703 951 denuo

254 974 416 1017 erigantur
441 973 472 1005 in
496 972 652 1016 Hispaniis
678 972 758 1004 intra
783 972 923 1014 quinque
947 972 996 1003 vel
1022 971 1129 1003 saltem
1166 976 1302 1014 quatuor
1327 971 1431 1004 leucas
1455 981 1472 1003 a
1496 972 1702 1005 conventibus

254 1028 314 1059 iam
335 1025 447 1060 erectis
472 1025 624 1058 Ordiuum
649 1024 804 1057 Minorum
829 1023 955 1063 statuit,
982 1022 1045 1055 782
1073 1024 1090 1055 b
1110 1028 1140 1055 et
1164 1034 1227 1066 seq.

928 1128 948 1159 P

169 1239 298 1272 Palense
316 1237 477 1281 oppidum,
498 1236 545 1269 vel
566 1236 683 1276 civitas,
708 1234 889 1279 provinciae
914 1233 1064 1266 Bearniae
1091 1232 1121 1263 in
1146 1232 1245 1265 Gallia
1269 1237 1379 1276 caput,
1406 1232 1470 1265 133
1494 1244 1532 1273 a;
1559 1233 1602 1265 ibi
1627 1233 1704 1266 duas

256 1291 421 1323 facultates
442 1289 535 1331 erigit
558 1288 723 1331 utriusque
749 1287 826 1320 iuris
850 1292 880 1319 et
903 1286 1019 1318 artium
1044 1284 1238 1325 liberalium,
1264 1286 1401 1329 ipsisque
1418 1286 1524 1319 omnia
1540 1286 1707 1329 privilegia

257 1343 410 1384 concedit,
435 1342 692 1376 universitatibus
717 1341 894 1373 studiorum
917 1338 1112 1382 generalium
1138 1338 1168 1369 in
1193 1339 1291 1373 Gallia
1318 1340 1377 1371 iam
1404 1349 1566 1380 concessa,
1593 1340 1670 1371 ibid.

172 1396 419 1439 Pampilonensis
444 1395 561 1428 civitas.
583 1413 625 1418 -
650 1393 897 1437 Pampilonensis
922 1390 1054 1426 civitatis
1080 1398 1279 1439 magjffifflffls
1303 1400 1333 1427 et
1357 1394 1473 1425 elec-105
1497 1403 1514 1425 a
1548 1398 1618 1425 voto
1643 1402 1707 1435 quo

258 1459 326 1481 sese
350 1448 584 1481 adstrinxerunt
608 1447 746 1479 scenicas
770 1458 884 1490 operas
909 1455 937 1481 et
962 1452 1142 1484 comoedias
1166 1449 1253 1482 nullo
1287 1457 1425 1490 unquam
1462 1451 1603 1488 tempore
1640 1455 1708 1488 per-

260 1501 422 1540 missuros,
448 1499 638 1543 dispensavit
662 1506 691 1532 et
715 1500 858 1540 absolvit,
885 1501 946 1535 796
971 1504 988 1535 b
1005 1509 1115 1547 etseq.

170 1554 332 1597 Papiensis
357 1554 538 1596 episcopus,
562 1553 634 1585 vide
657 1553 822 1585 Censurae.

170 1607 340 1639 Paroclius.
365 1625 409 1630 -—-
433 1605 471 1638 Ut
495 1604 643 1648 parochis
669 1610 733 1637 tum
755 1605 786 1637 in
809 1606 898 1638 Italia
925 1613 988 1639 tuin
1011 1608 1040 1640 in
1059 1609 1169 1640 insulis
1194 1608 1221 1640 ei
1247 1606 1464 1640 adiacentibus
1484 1610 1595 1647 quarta
1620 1605 1707 1637 sune-

259 1658 333 1690 ralis
358 1658 577 1690 defunctorum
602 1667 676 1689 suae
701 1658 885 1700 parochiae,
907 1660 958 1702 qui
987 1661 1016 1692 in
1042 1661 1182 1693 ecclesiis
1207 1659 1402 1701 regularium
1428 1658 1621 1700 sepulturam
1647 1657 1708 1689 ele—

260 1711 373 1754 gerint,
398 1711 597 1754 persolvatur
621 1710 728 1743 statuit
753 1711 937 1744 Benedictus
964 1713 1045 1754 ΧΙΙΙ7
1072 1713 1135 1745 ’149
1162 1713 1194 1752 b,
1221 1713 1292 1745 vide
1317 1710 1501 1753 Regularcs.

171 1764 382 1797 Passaviensis
406 1763 549 1795 ccclesia.
578 1783 618 1786 —
644 1763 852 1795 Passaviensis
876 1765 1027 1798 ecelesiae
1051 1771 1156 1804 ortus,
1181 1765 1345 1808 privilegia
1370 1769 1400 1796 et
1429 1763 1602 1796 discordias
1627 1763 1709 1796 inter

258 1817 346 1849 illam
372 1821 401 1847 ct
425 1815 696 1857 Salisburgensem
722 1815 826 1855 refert,
852 1816 916 1848 654
940 1818 974 1856 h,
1001 1819 1080 1850 inter
1105 1818 1335 1849 Passaviensem
1362 1817 1544 1859 episcopum
1562 1821 1590 1849 et
1613 1816 1708 1850 Salis-

258 1869 450 1911 burgensem
477 1868 708 1910 metropolitam
735 1868 786 1900 lite
812 1870 967 1909 extincta,
992 1871 1176 1913 episcopum
1205 1869 1437 1902 Passaviensem
1465 1869 1504 1901 ab
1528 1869 1613 1902 omni
1639 1870 1710 1903 iure

262 1921 496 1963 metropolitico
520 1920 808 1963 archiepiscopatus
833 1922 1081 1964 Salisburgensis
1106 1923 1237 1961 exemit,
1263 1921 1325 1955 650
1351 1922 1368 1954 b
1392 1927 1422 1954 et
1445 1933 1509 1965 seq.

176 1973 358 2007 Patriarclia
381 1973 650 2016 Ulyssipoiiensis,
677 1974 745 2005 vide
770 1973 1017 2016 Ulyssiponcusis
1043 1975 1230 2017 patriarcha.

175 2026 381 2059 Patriarclias.
407 2043 449 2048 --
472 2024 610 2063 Ouatuor
638 2025 750 2067 primis
773 2026 977 2068 patriarchis,
1003 2026 1363 2070 Constantinopolitano,
1388 2027 1618 2069 Alexandrino,
1643 2030 1709 2060 An-

265 2077 409 2110 tiocheno
446 2082 476 2108 et
512 2077 797 2120 Ilierosolymitano
829 2078 1007 2111 facultatem
1040 2080 1181 2121 gestandi
1213 2079 1389 2113 exomidcm
1422 2080 1577 2112 concessit
1611 2080 1713 2112 Bene-

266 2131 368 2163 dictus
394 2129 483 2168 XIII,
508 2128 570 2161 Λ107
596 2141 616 2162 α
640 2135 670 2162 et
691 2131 718 2162 b.

178 2183 368 2225 Peregrinus
393 2183 450 2226 (S.)
477 2183 627 2214 Latiosus.
654 2202 696 2206 -
720 2182 748 2215 S.
776 2183 936 2225 Peregrini
962 2184 1075 2217 Latiosi
1102 2190 1218 2223 ortum,
1246 2185 1474 2225 educationem,
1500 2195 1614 2226 mores,
1640 2195 1712 2218 con-

267 2235 441 2268 versionem
468 2239 497 2267 et
521 2235 714 2267 sanctitatem
741 2236 886 2277 exponit,
911 2235 974 2268 478
999 2249 1018 2269 a
1045 2241 1073 2270 et
1097 2238 1131 2275 b,
1160 2248 1272 2279 magna
1304 2237 1444 2269 eiusdem
1468 2237 1546 2270 fides
1570 2243 1601 2270 et
1624 2243 1713 2271 ortus

266 2289 351 2330 gravi
378 2288 491 2321 morbo
516 2287 655 2329 probata,
681 2287 770 2326 ituit,
795 2289 915 2320 meritis
940 2289 1072 2333 inclytus
1097 2290 1146 2332 pie
1181 2290 1259 2322 obiit
1283 2295 1312 2322 et
1337 2290 1497 2323 miraculis
1526 2290 1714 2331 illustratur,

268 2341 359 2379 ibid.;
386 2340 535 2372 miracula
560 2339 616 2382 per
641 2341 750 2373 merita
775 2340 806 2372 B.
833 2341 992 2382 Peregrini
1019 2353 1036 2374 a
1060 2343 1124 2375 Deo
1147 2348 1268 2385 patrata
1293 2348 1323 2374 et
1346 2342 1413 2375 eius
1438 2344 1558 2381 cultus,
1583 2342 1647 2375 479
1672 2354 1711 2383 a;

266 2393 295 2426 S.
317 2393 478 2435 Peregrini
505 2392 939 2435 praedicticanonizationem
964 2395 1026 2427 ritu
1051 2396 1181 2428 solemni
1206 2401 1368 2438 peractam
1394 2395 1616 2438 promulgavit,
1634 2396 1713 2429 ibid.

181 2446 291 2478 Petrus
315 2445 379 2487 (B.)
404 2445 561 2478 Foreriusv
581 2463 625 2468 —
648 2445 734 2477 Servi
760 2445 814 2477 Dei
838 2446 927 2478 Petri
951 2446 1077 2479 Forerit'
1101 2447 1138 2480 (lc
1161 2448 1383 2480 Macaincuria
1408 2447 1580 2480 sacerdotis
1604 2448 1716 2481 Lotha-

270 2497 375 2540 ringiI,
400 2497 614 2530 resormatoris
634 2497 891 2540 Congregationis
911 2499 1091 2532 Salvutora’s
1115 2501 1217 2532 nostri
1240 2505 1450 2543 nuncupatae,
1475 2500 1600 2533 Ordinis
1624 2510 1715 2534 cano-

269 2550 415 2583 nicorum
440 2550 632 2591 regularium
654 2550 684 2582 S.
704 2551 880 2592 Augustini,
899 2551 1006 2584 laudes
1027 2557 1185 2592 recenset,
1203 2551 1266 2584 86⁹2
1283 2563 1316 2592 α;
1334 2552 1372 2585 ad
1393 2553 1533 2586 eiusdem
1557 2553 1713 2587 beatifica—

270 2603 387 2635 tionem
413 2613 430 2634 a
454 2602 700 2645 Congregatione
726 2603 851 2635 Rittium
872 2604 1010 2637 deveniri
1030 2615 1119 2647 posse
1137 2604 1174 2637 de
1193 2615 1281 2637 more
1298 2605 1459 2638 decretum
1476 2605 1570 2639 fuisse
1586 2612 1710 2647 narrat,

268 2655 366 2695 ibid.;
390 2655 542 2698 praedicti
566 2655 828 2688 beatificationem
855 2656 983 2695 indixit,
1009 2656 1072 2689 862
1098 2658 1124 2690 b.
