2170 3147
7 181 58 211 An.
77 182 106 209 C-
129 181 196 210 1726

199 231 248 264 nis
274 232 468 271 virtutibus,
505 233 635 265 caelesti
663 233 830 271 doctrina,
871 233 936 275 iugi

198 285 408 328 poenitentia,
435 286 610 328 multisque
640 286 739 327 signis
766 287 937 328 probatum

197 337 358 370 Ecclesiae
385 338 565 370 catholicae
592 338 682 370 dedit
706 349 744 369 ea
777 348 851 380 pars
885 337 937 370 tli-

197 390 331 433 spaniae
369 390 643 429 Tarraconensis,
688 391 738 422 cui
765 390 937 422 Castellae-

197 442 315 474 veteris
340 452 457 475 nomen
485 448 550 477 est,
588 436 710 484 nosque
746 443 835 474 illum
879 442 937 474 hac

198 495 261 534 die,
286 495 317 527 in
344 495 503 528 honorem
533 495 564 527 Β.
593 495 721 527 loannis
747 495 887 536 apostoli
907 500 938 527 et

197 547 417 590 evangelistae
436 547 501 580 Deo
521 549 628 586 sacra,
654 552 839 579 sanctorum
860 557 937 579 con-

196 601 355 633 sessorum
389 610 454 633 non
491 599 682 642 pontificum
721 599 837 632 canoni
880 609 933 631 so-

197 652 298 685 lemni
324 652 355 685 S.
379 653 416 685 R.
436 652 470 685 E.
491 652 696 685 caeremonia
718 652 936 684 adnumerare

197 705 406 739 decrevimus.
488 743 491 745 μ

63 767 87 788 Β.
103 767 186 787 ioannis
241 758 255 801 ἓ
279 757 311 791 1.
331 758 358 791 Is
376 765 423 791 est
440 759 474 791 B.
498 759 635 791 Ioannes
653 769 669 790 a
687 758 787 791 Cruce
809 759 937 791 Ordinis

3 793 186 850 ῗιὶὲᾆῗῗῖιοῖιῑῗῖέ
198 811 332 843 fratrum
358 811 392 843 B.
413 811 531 844 Mariae
554 811 691 853 Virginis
711 822 727 843 a
745 810 850 843 Monte
868 810 938 844 Car-

3 847 114 867 msmmm'
197 863 302 903 melo,
330 863 383 906 qui
408 863 589 896 Excalceati
619 864 846 906 appellantur,
872 863 938 906 pri-

197 925 266 948 mus
277 916 446 958 professor
464 921 494 948 et
511 927 639 958 parens,
654 916 708 958 qui
723 926 807 948 auno
819 916 936 948 Christi

197 968 321 1000 domini
357 978 469 1001 iliLu
506 979 542 1001 ex
570 969 771 1011 pei-honesta
804 968 938 1011 Lepesia

195 1019 317 1054 familia
335 1025 424 1053 ortus
444 1026 494 1053 est
522 1022 553 1053 in
571 1021 693 1063 oppido
714 1021 801 1063 quod
821 1021 938 1053 dicitur

195 1072 279 1104 Fons
305 1072 424 1105 Tiberii
451 1072 481 1104 in
510 1074 698 1116 episcopatu
723 1073 890 1105 Abulensi.
914 1074 935 1105 Α

194 1125 308 1167 primis
334 1125 426 1157 annis
461 1125 612 1168 egregiae
644 1125 760 1157 animis
787 1125 878 1157 dotes
904 1125 934 1157 in

195 1187 244 1217 eo,
262 1177 314 1220 pie
331 1177 575 1221 christianeque
594 1179 740 1216 educato,
761 1178 934 1221 plurimum

195 1228 415 1269 emicuerunt3
443 1240 604 1273 quamque
631 1230 769 1262 dilectus
793 1234 822 1261 et
842 1240 935 1261 carus

195 1286 284 1314 esset
307 1281 466 1324 Deiparae
492 1282 627 1324 Virgini,
655 1283 686 1314 in
713 1282 803 1314 cuius
830 1288 936 1324 patro-

195 1334 315 1367 cinium
354 1335 564 1376 confugerat,
601 1335 675 1368 iude
710 1335 828 1378 patuit,
851 1335 933 1378 quod

195 1398 311 1430 aquam
347 1398 364 1420 e
401 1392 499 1430 puteo
541 1388 738 1427 hausturus,
775 1388 806 1420 in
844 1388 957 1421 illum*

195 1442 379 1484 prolapsus,
407 1441 568 1474 patronae
593 1452 688 1473 manu
714 1442 861 1474 sublatus
887 1441 935 1473 in-

195 1494 332 1526 columis
375 1494 507 1536 prodiit.
557 1494 757 1527 Adolescens
800 1494 935 1527 eximiae

194 1546 326 1588 pietatis
363 1547 459 1579 ducto
496 1546 784 1589 Metyn‘inaecampi
823 1547 936 1589 hospi-

195 1599 291 1631 talem
317 1599 447 1631 domum
481 1599 665 1641 ingressus,
697 1600 935 1642 aegrotantium

194 1656 225 1684 et
250 1661 432 1694 pauperum
460 1652 626 1684 famulatui
653 1663 687 1684 se
714 1652 851 1691 addixit,
874 1664 936 1685 ma-

192 1704 277 1738 xima
301 1705 462 1738 charitate
498 1705 552 1737 diu
587 1711 751 1749 noctuque
779 1708 935 1748 languen-

194 1759 279 1791 tibus
318 1758 486 1796 assidens,
511 1768 571 1791 nec
611 1759 707 1792 modo
732 1759 933 1802 spiritualia,

194 1811 251 1844 sed
280 1821 321 1844 ne
351 1811 506 1844 vilissima
538 1812 671 1854 quidem
710 1812 813 1845 officia
839 1812 870 1845 in
896 1813 934 1845 iis

193 1864 343 1898 iuvandis
361 1864 452 1897 obire
483 1865 691 1905 decrectans;
711 1866 797 1899 uude
816 1866 932 1899 sactum

193 1923 230 1949 ut
242 1917 340 1951 ceteri
354 1916 388 1950 in
401 1917 602 1956 nosocomio,
618 1917 792 1951 christiana
808 1918 934 1952 loannis

193 1976 263 2003 acta
294 1970 459 2010 demirati,
496 1976 703 2013 aegrotorum
739 1969 956 2014 corporibus'

193 2023 375 2065 animisque
400 2022 550 2055 curandis
576 2024 721 2056 certatim
744 2025 812 2056 eius
831 2035 932 2058 exem-

194 2076 250 2118 plo
266 2076 403 2108 alacrem
417 2075 630 2108 etsollicitam
653 2086 784 2119 operam
803 2077 929 2110 darent.

193 2126 354 2170 Quidquid
392 2127 523 2160 interim
562 2134 624 2161 tam
662 2129 715 2171 pio
752 2129 933 2163 ministerio

194 2185 381 2223 supererat,
414 2181 600 2223 praeclarus
636 2181 760 2215 iuvenis
796 2181 934 2214 assiduis

194 2233 361 2276 precibus,
382 2232 511 2275 vigiliis,
530 2234 680 2277 lacrymis
703 2240 734 2267 et
751 2234 933 2267 dominicae

194 2285 338 2319 Passioni
376 2285 626 2327 religiosissimo
659 2287 766 2319 animo
792 2288 934 2320 recolen-

195 2339 267 2379 dae,
292 2338 514 2381 impendebat.
546 2337 632 2376 Quae
658 2339 786 2371 tandem
812 2340 872 2382 ipsi
895 2340 932 2372 ad

195 2391 329 2424 fratrum
366 2390 497 2423 Ordinis
534 2391 568 2423 B.
602 2391 718 2423 Mariae
754 2391 892 2434 Virginis
917 2403 934 2424 a

193 2445 301 2477 Monte
337 2443 484 2477 Carmelo
521 2444 716 2476 instututum
754 2444 932 2479 ineundum

193 2496 464 2531 iucundissimam
500 2496 582 2530 viam
616 2503 830 2540 aperuerunt.
865 2499 933 2532 Hoc

195 2551 238 2584 ita
263 2551 429 2594 amplexus
463 2555 511 2583 est
555 2555 588 2583 ut
620 2555 693 2584 vota
725 2550 841 2585 emissa
878 2563 934 2596 pu-

299 2614 379 2642 Bull.
396 2615 478 2645 Rom.
497 2629 531 2635 —
552 2615 611 2643 t'ot.
630 2614 721 2643 XXII.
866 2615 897 2643 61

779 186 974 210 ΕΕΧΕῺΙΕΎΌΞ
1002 187 1056 210 xm
1082 188 1128 211 FP.

1616 176 1675 209 1481

984 234 1079 266 rioris
1105 235 1296 277 disciplinae
1315 235 1424 267 studio
1443 239 1590 266 accurate
1616 233 1724 266 obser-

982 293 1082 325 varet,
1109 287 1147 318 ad
1175 286 1327 328 primitivi
1360 286 1488 319 Ordinis
1515 296 1662 318 normam
1689 295 1723 317 se

983 338 1116 371 omnino
1145 339 1376 378 conformans,
1409 350 1469 371 nec
1495 339 1554 370 nisi
1583 349 1654 371 cum
1690 339 1722 370 ti-

982 400 1070 423 more
1098 398 1130 423 ct
1163 398 1302 424 tremore
1342 403 1377 423 ac
1411 391 1499 423 iussu
1539 392 1719 429 maiorum,

983 443 1023 474 ol]
1050 453 1206 475 summam
1233 444 1279 475 rei
1306 444 1432 476 divinae
1470 444 1720 486 praestantiam.

982 495 1019 525 ad
1047 495 1302 528 sacratissimum
1320 497 1564 539 presbyteratus
1586 497 1721 538 gradum

982 553 1122 579 evectus.

1730 185 1781 211 An.
1798 184 1827 212 C.
1852 183 1917 211 1726

1787 613 1820 633 Fu
1847 619 1917 633 ccmo·

1734 640 1756 659 ll.
1770 640 1885 659 'flu-remae
1897 646 1916 659 in

1026 599 1040 641 ξ
1065 600 1097 631 ΕΖ.
1124 599 1224 637 Quum
1250 610 1325 633 vero
1346 601 1401 633 Dei
1427 602 1515 642 virgo
1546 601 1719 639 Tlieresia,

982 663 1063 695 quae
1096 658 1230 695 postea,
1269 654 1405 685 excelsis
1443 654 1510 686 eius
1548 653 1917 690 virtutibuspu...aev2ia·,=et-

981 705 1149 747 signisque
1176 705 1415 747 flagitantibus,
1442 717 1501 749 per
1532 706 1635 739 felicis
1662 693 1917 749 me-l‘i'ii=i“ai..l2¹}⁰c¹iT-2

982 757 1106 789 moriae
1145 762 1386 790 antecessorem
1424 764 1569 791 nostrum
1606 748 1823 799 Grego-¹¹'''¹'¹‘¹⁵‘

982 809 1064 841 rium
1091 809 1208 852 Papam
1229 809 1278 841 XV
1295 809 1327 841 in
1350 815 1532 842 sanctarum
1559 810 1721 852 virginum

982 872 1141 894 canonem
1163 863 1265 894 relata
1299 867 1361 903 est,
1389 863 1474 895 inter
1499 874 1633 895 sorores
1658 863 1721 895 iam

983 914 1058 947 dicti
1085 913 1213 946 Ordinis
1232 914 1266 947 B.
1287 913 1403 947 Mariae
1421 915 1559 956 Virginis
1581 927 1597 947 a
1616 915 1721 948 Monte

958 960 1127 999 'Carmelo
1161 967 1315 1009 pliniaevi
1350 967 1485 999 instituti
1513 969 1657 1010 regulam
1685 969 1723 1000 se-

982 1020 1032 1052 lici
1060 1020 1145 1052 exitu
1170 1020 1376 1059 restituisset,
1404 1020 1556 1063 idemque
1584 1031 1641 1063 pro
1664 1022 1723 1053 tra-

982 1073 1087 1105 tribus
1107 1072 1251 1105 ciusdcm
1272 1073 1409 1106 familiae
1428 1072 1535 1106 animo
1554 1074 1720 1113 volutaret,

980 1125 1035 1158 Dei
1062 1125 1199 1158 ancillae
1227 1125 1332 1167 magni
1360 1126 1469 1169 operis
1495 1136 1604 1159 eomes
1636 1127 1722 1159 loan-

957 1184 959 1196 ¹
981 1188 1036 1210 nes
1063 1188 1079 1210 a
1104 1177 1216 1217 Cruce,
1242 1177 1413 1211 strictioris
1440 1178 1632 1222 disciplinae
1651 1190 1722 1222 pro-

980 1230 1158 1263 movendae
1184 1230 1300 1263 ardore
1326 1231 1540 1264 veliementer
1556 1242 1719 1272 accensus,

980 1283 1074 1326 plane
1102 1283 1236 1315 caelitus
1269 1283 1362 1315 datus
1394 1289 1454 1316 est.
1482 1283 1584 1322 Quare
1613 1290 1720 1318 tantae

980 1337 1024 1368 rei
1049 1338 1187 1378 negocio
1219 1336 1303 1369 inter
1339 1347 1460 1369 sacram
1499 1337 1657 1380 virginem
1689 1344 1720 1370 et

978 1389 1032 1421 Dei
1052 1390 1206 1422 famulum
1233 1390 1363 1432 agitato,
1389 1390 1473 1424 Ordo
1496 1392 1627 1424 fratrum
1645 1392 1719 1424 Cat:

978 1441 1159 1474 melitarum
1193 1443 1356 1475 communi
1383 1444 1526 1476 omnium
1556 1444 1717 1477 bonorum

978 1496 1112 1537 plausu,
1138 1496 1215 1528 licet
1241 1496 1398 1529 fremente
1432 1497 1563 1529 humani
1591 1498 1719 1540 generis

979 1548 1090 1587 hoste,
1117 1548 1253 1582 miritice
1288 1549 1485 1582 instauratus
1511 1555 1541 1582 et
1566 1561 1625 1593 per
1650 1552 1720 1583 uui-

978 1611 1101 1633 versam
1128 1601 1291 1644 Europam
1326 1612 1391 1634 non
1420 1602 1488 1635 sine
1515 1603 1636 1646 ingenti
1663 1604 1717 1637 Dei

978 1653 1082 1696 gloria
1108 1653 1245 1686 diffusus
1272 1660 1342 1694 est,
1368 1655 1516 1698 plurimis
1543 1656 1717 1689 Theresiae

978 1706 1110 1748 virginis
1136 1708 1212 1738 cura
1237 1717 1296 1749 per
1323 1712 1419 1740 totam
1447 1708 1633 1751 Hispaniam
1653 1720 1719 1742 ere-

977 1758 1035 1792 ctis
1070 1764 1165 1802 atque
1195 1759 1318 1802 optime
1350 1760 1505 1793 institutis
1535 1761 1715 1802 coenobis,

977 1823 1060 1855 quac
1087 1812 1171 1855 ipse,
1197 1813 1294 1845 nullis
1334 1813 1415 1846 vitae
1443 1813 1660 1848 incommodis
1687 1822 1717 1849 et

977 1865 1129 1908 periculis
1156 1865 1305 1906 territus,
1339 1867 1468 1909 singula
1494 1869 1713 1909 perlustravit.

1020 1920 1034 1959 ξ
1059 1918 1089 1951 3.
1114 1918 1172 1951 Ubi
1200 1929 1274 1952 vero
1302 1919 1491 1952 admiranda
1517 1920 1714 1963 innocentia,
1748 1962 1750 1965 ι
1777 1929 1912 1951 htvmmutta

976 1972 1105 2003 assidua
1145 1981 1251 2004 rerum
1294 1972 1474 2005 divinarum
1516 1977 1703 2018 contempla
1727 1956 1912 2017 {lllssss'tss‘tst‘ffifft

977 2024 1081 2063 tione,
1108 2024 1290 2067 asperrimo
1318 2025 1399 2058 vitae
1433 2026 1540 2068 rigore
1567 2009 1842 2061 summis-primam
1859 2010 1910 2030 ”M

977 2087 1040 2120 que
1078 2076 1248 2109 virtutibus
1285 2077 1420 2122 inclytus
1456 2089 1584 2112 suorum
1617 2082 1716 2114 corda

977 2129 1008 2161 in
1026 2130 1171 2173 perfecto
1189 2130 1244 2162 Dei
1264 2131 1350 2164 cultu
1369 2132 1586 2176 undequaque
1612 2133 1716 2167 firma-

976 2188 1076 2223 verat,
1103 2183 1173 2216 diro
1200 2183 1315 2216 morbo
1341 2188 1373 2216 ct
1399 2185 1430 2216 in
1456 2195 1548 2219 crure
1572 2187 1715 2230 quinque

976 2235 1081 2278 plagis
1113 2235 1202 2268 sanie
1240 2236 1445 2270 manantibus
1479 2238 1716 2281 patientissime

977 2287 1143 2328 toleratis,
1178 2292 1263 2320 totus
1288 2288 1320 2320 in
1345 2288 1430 2330 Deo,
1463 2301 1558 2334 quem
1587 2301 1717 2336 semper

976 2339 1008 2371 in
1043 2339 1141 2372 corde
1179 2345 1275 2382 atque
1310 2351 1366 2374 ore
1401 2341 1582 2384 habuerat,
1611 2343 1713 2385 fixus,

976 2392 1187 2425 sanctissimis
1212 2392 1374 2427 Ecclesiae
1401 2396 1612 2429 sacramentis
1633 2408 1716 2430 sum-

975 2446 1025 2477 ma
1058 2444 1120 2477 tide
1157 2451 1189 2478 et
1226 2446 1384 2490 religione
1416 2450 1593 2492 susceptis,
1632 2450 1715 2483 inter

975 2498 1133 2532 sodalium
1176 2499 1475 2544 collacrymantium
1519 2503 1687 2546 amplexus
1705 2531 1712 2544 ,

975 2551 1114 2585 Davidici
1153 2553 1268 2596 psalmi
1305 2555 1487 2598 versiculo,
1521 2556 1562 2590 In
1596 2566 1713 2590 manus
