<?xml version="1.0" encoding="UTF-8"?>
<!DOCTYPE html PUBLIC "-//W3C//DTD XHTML 1.0 Transitional//EN"
    "http://www.w3.org/TR/xhtml1/DTD/xhtml1-transitional.dtd">
<html xmlns="http://www.w3.org/1999/xhtml" xml:lang="en" lang="en">
 <head>
  <title>
</title>
<meta http-equiv="Content-Type" content="text/html;charset=utf-8" />
  <meta name='ocr-system' content='tesseract 3.04.00' />
  <meta name='ocr-capabilities' content='ocr_page ocr_carea ocr_par ocr_line ocrx_word'/>
</head>
<body>
  <div class='ocr_page' id='page_1' title='image "./bullarumdiplomat22cath_0052.png"; bbox 0 0 2170 3147; ppageno 0'>
   <div class='ocr_carea' id='block_1_1' title="bbox 225 164 499 200">
    <p class='ocr_par' dir='ltr' id='par_1_1' title="bbox 225 164 499 200">
     <span class='ocr_line' id='line_1_1' title="bbox 225 164 499 200; baseline -0.015 0"><span class='ocrx_word' id='word_1_1' title='bbox 225 174 273 200; x_wconf 74' lang='lat' dir='ltr'>An.</span> <span class='ocrx_word' id='word_1_2' title='bbox 295 173 324 200; x_wconf 89' lang='lat' dir='ltr'>c.</span> <span class='ocrx_word' id='word_1_3' title='bbox 343 173 410 200; x_wconf 64' lang='lat'>1725</span> <span class='ocrx_word' id='word_1_4' title='bbox 458 164 499 197; x_wconf 80' lang='grc'>18</span> 
     </span>
    </p>
   </div>
   <div class='ocr_carea' id='block_1_2' title="bbox 999 170 1179 195">
    <p class='ocr_par' dir='ltr' id='par_1_2' title="bbox 999 170 1179 195">
     <span class='ocr_line' id='line_1_2' title="bbox 999 170 1179 195; baseline -0.006 -1"><span class='ocrx_word' id='word_1_5' title='bbox 999 170 1179 195; x_wconf 71' lang='lat' dir='ltr'>BULLARIUM</span> 
     </span>
    </p>
   </div>
   <div class='ocr_carea' id='block_1_3' title="bbox 1203 170 1358 195">
    <p class='ocr_par' dir='ltr' id='par_1_3' title="bbox 1203 170 1358 195">
     <span class='ocr_line' id='line_1_3' title="bbox 1203 170 1358 195; baseline 0.006 -1"><span class='ocrx_word' id='word_1_6' title='bbox 1203 170 1358 195; x_wconf 66' lang='lat' dir='ltr'><strong>ROMANUM</strong></span> 
     </span>
    </p>
   </div>
   <div class='ocr_carea' id='block_1_4' title="bbox 418 217 1942 264">
    <p class='ocr_par' dir='ltr' id='par_1_4' title="bbox 418 217 1942 264">
     <span class='ocr_line' id='line_1_4' title="bbox 418 217 1942 264; baseline -0.001 -10"><span class='ocrx_word' id='word_1_7' title='bbox 418 223 449 254; x_wconf 92' lang='lat' dir='ltr'>ni</span> <span class='ocrx_word' id='word_1_8' title='bbox 467 222 503 254; x_wconf 76' lang='grc' dir='ltr'>ΙΙΙ</span> <span class='ocrx_word' id='word_1_9' title='bbox 525 221 710 254; x_wconf 74' lang='lat' dir='ltr'>Lusitaniae</span> <span class='ocrx_word' id='word_1_10' title='bbox 729 220 796 263; x_wconf 80' lang='lat' dir='ltr'>regi</span> <span class='ocrx_word' id='word_1_11' title='bbox 814 224 959 263; x_wconf 84' lang='lat' dir='ltr'>nuptam,</span> <span class='ocrx_word' id='word_1_12' title='bbox 977 219 1158 252; x_wconf 71' lang='lat' dir='ltr'>liberaliter</span> <span class='ocrx_word' id='word_1_13' title='bbox 1178 217 1182 240; x_wconf 77' lang='lat'>¹</span> <span class='ocrx_word' id='word_1_14' title='bbox 1203 218 1241 251; x_wconf 91' lang='lat' dir='ltr'>de</span> <span class='ocrx_word' id='word_1_15' title='bbox 1268 219 1363 252; x_wconf 85' lang='lat' dir='ltr'>tantis</span> <span class='ocrx_word' id='word_1_16' title='bbox 1388 219 1485 252; x_wconf 87' lang='lat' dir='ltr'>rebus</span> <span class='ocrx_word' id='word_1_17' title='bbox 1511 220 1632 264; x_wconf 81' lang='lat' dir='ltr'>scripto</span> <span class='ocrx_word' id='word_1_18' title='bbox 1659 220 1854 253; x_wconf 85' lang='lat' dir='ltr'>consulendi</span> <span class='ocrx_word' id='word_1_19' title='bbox 1873 231 1942 253; x_wconf 84' lang='lat' dir='ltr'>cae-</span> 
     </span>
    </p>
   </div>
   <div class='ocr_carea' id='block_1_5' title="bbox 418 272 1183 1166">
    <p class='ocr_par' dir='ltr' id='par_1_5' title="bbox 418 272 1183 1166">
     <span class='ocr_line' id='line_1_5' title="bbox 419 272 1180 313; baseline -0.007 -6"><span class='ocrx_word' id='word_1_20' title='bbox 419 274 604 307; x_wconf 74' lang='lat' dir='ltr'>educatur¹.</span> <span class='ocrx_word' id='word_1_21' title='bbox 630 273 708 306; x_wconf 85' lang='lat' dir='ltr'>Inde</span> <span class='ocrx_word' id='word_1_22' title='bbox 725 273 756 305; x_wconf 92' lang='lat' dir='ltr'>in</span> <span class='ocrx_word' id='word_1_23' title='bbox 772 274 876 306; x_wconf 89' lang='lat' dir='ltr'>aulam</span> <span class='ocrx_word' id='word_1_24' title='bbox 892 272 992 306; x_wconf 88' lang='lat' dir='ltr'>Caroli</span> <span class='ocrx_word' id='word_1_25' title='bbox 1009 273 1029 303; x_wconf 79' lang='lat' dir='ltr'>V</span> <span class='ocrx_word' id='word_1_26' title='bbox 1053 273 1158 313; x_wconf 75' lang='lat' dir='ltr'>Augu-</span> <span class='ocrx_word' id='word_1_27' title='bbox 1179 283 1180 292; x_wconf 59' lang='lat'>¹</span> 
     </span>
     <span class='ocr_line' id='line_1_6' title="bbox 419 325 1181 369; baseline 0 -11"><span class='ocrx_word' id='word_1_28' title='bbox 419 327 456 359; x_wconf 81' lang='lat' dir='ltr'>sti</span> <span class='ocrx_word' id='word_1_29' title='bbox 474 326 648 369; x_wconf 79' lang='lat' dir='ltr'>profectus,</span> <span class='ocrx_word' id='word_1_30' title='bbox 664 326 775 358; x_wconf 82' lang='lat' dir='ltr'>salutis</span> <span class='ocrx_word' id='word_1_31' title='bbox 789 325 915 358; x_wconf 88' lang='lat' dir='ltr'>animae</span> <span class='ocrx_word' id='word_1_32' title='bbox 930 336 1005 357; x_wconf 84' lang='lat' dir='ltr'>suae</span> <span class='ocrx_word' id='word_1_33' title='bbox 1022 334 1156 363; x_wconf 86' lang='lat' dir='ltr'>memor,</span> <span class='ocrx_word' id='word_1_34' title='bbox 1179 341 1181 358; x_wconf 88' lang='grc' dir='ltr'>ι</span> 
     </span>
     <span class='ocr_line' id='line_1_7' title="bbox 419 377 1156 422; baseline -0.005 -10"><span class='ocrx_word' id='word_1_35' title='bbox 419 392 451 412; x_wconf 80' lang='lat' dir='ltr'>se</span> <span class='ocrx_word' id='word_1_36' title='bbox 478 378 696 422; x_wconf 72' lang='lat' dir='ltr'>undequaque</span> <span class='ocrx_word' id='word_1_37' title='bbox 721 378 962 410; x_wconf 87' lang='lat' dir='ltr'>immaculatum</span> <span class='ocrx_word' id='word_1_38' title='bbox 996 377 1156 416; x_wconf 76' lang='lat' dir='ltr'>servavit,</span> 
     </span>
     <span class='ocr_line' id='line_1_8' title="bbox 419 430 1157 473; baseline -0.004 -8"><span class='ocrx_word' id='word_1_39' title='bbox 419 438 582 465; x_wconf 85' lang='lat' dir='ltr'>matronas</span> <span class='ocrx_word' id='word_1_40' title='bbox 615 431 711 464; x_wconf 80' lang='lat' dir='ltr'>officii</span> <span class='ocrx_word' id='word_1_41' title='bbox 748 433 843 464; x_wconf 76' lang='lat' dir='ltr'>causa</span> <span class='ocrx_word' id='word_1_42' title='bbox 877 430 1007 463; x_wconf 87' lang='lat' dir='ltr'>nonnisi</span> <span class='ocrx_word' id='word_1_43' title='bbox 1042 440 1157 473; x_wconf 77' lang='lat' dir='ltr'>aspero</span> 
     </span>
     <span class='ocr_line' id='line_1_9' title="bbox 418 483 1156 528; baseline -0.005 -9"><span class='ocrx_word' id='word_1_44' title='bbox 418 485 525 519; x_wconf 76' lang='lat' dir='ltr'>cilicio</span> <span class='ocrx_word' id='word_1_45' title='bbox 552 485 756 528; x_wconf 85' lang='lat' dir='ltr'>praecinctus</span> <span class='ocrx_word' id='word_1_46' title='bbox 782 485 871 517; x_wconf 84' lang='lat' dir='ltr'>adire</span> <span class='ocrx_word' id='word_1_47' title='bbox 899 484 1024 517; x_wconf 79' lang='lat' dir='ltr'>solitus.</span> <span class='ocrx_word' id='word_1_48' title='bbox 1053 483 1156 516; x_wconf 82' lang='lat' dir='ltr'>Caroli</span> 
     </span>
     <span class='ocr_line' id='line_1_10' title="bbox 419 537 1158 582; baseline -0.004 -10"><span class='ocrx_word' id='word_1_49' title='bbox 419 540 558 582; x_wconf 74' lang='lat' dir='ltr'>coniuge</span> <span class='ocrx_word' id='word_1_50' title='bbox 575 538 709 572; x_wconf 78' lang='lat' dir='ltr'>lsabella</span> <span class='ocrx_word' id='word_1_51' title='bbox 724 540 868 581; x_wconf 77' lang='lat' dir='ltr'>Augusta</span> <span class='ocrx_word' id='word_1_52' title='bbox 882 538 1058 576; x_wconf 85' lang='lat' dir='ltr'>adnitente,</span> <span class='ocrx_word' id='word_1_53' title='bbox 1071 537 1158 569; x_wconf 82' lang='lat' dir='ltr'>Eleo-</span> 
     </span>
     <span class='ocr_line' id='line_1_11' title="bbox 420 591 1158 634; baseline -0.005 -8"><span class='ocrx_word' id='word_1_54' title='bbox 420 604 518 626; x_wconf 85' lang='lat' dir='ltr'>norae</span> <span class='ocrx_word' id='word_1_55' title='bbox 538 604 553 625; x_wconf 88' lang='lat' dir='ltr'>a</span> <span class='ocrx_word' id='word_1_56' title='bbox 575 594 695 631; x_wconf 70' lang='lat' dir='ltr'>Castro,</span> <span class='ocrx_word' id='word_1_57' title='bbox 722 591 915 625; x_wconf 78' lang='lat' dir='ltr'>lectissimae</span> <span class='ocrx_word' id='word_1_58' title='bbox 935 591 1052 634; x_wconf 78' lang='lat' dir='ltr'>virgini</span> <span class='ocrx_word' id='word_1_59' title='bbox 1073 591 1158 623; x_wconf 79' lang='lat' dir='ltr'>Lusi-</span> 
     </span>
     <span class='ocr_line' id='line_1_12' title="bbox 420 644 1158 685; baseline -0.004 -6"><span class='ocrx_word' id='word_1_60' title='bbox 420 652 524 685; x_wconf 85' lang='lat' dir='ltr'>tanac,</span> <span class='ocrx_word' id='word_1_61' title='bbox 544 647 582 679; x_wconf 82' lang='lat' dir='ltr'>de</span> <span class='ocrx_word' id='word_1_62' title='bbox 602 645 771 679; x_wconf 83' lang='lat' dir='ltr'>sanctioris</span> <span class='ocrx_word' id='word_1_63' title='bbox 797 645 877 678; x_wconf 83' lang='lat' dir='ltr'>vitae</span> <span class='ocrx_word' id='word_1_64' title='bbox 903 644 1049 676; x_wconf 83' lang='lat' dir='ltr'>instituto</span> <span class='ocrx_word' id='word_1_65' title='bbox 1075 644 1158 676; x_wconf 81' lang='lat' dir='ltr'>nihil</span> 
     </span>
     <span class='ocr_line' id='line_1_13' title="bbox 419 696 1158 743; baseline -0.005 -11"><span class='ocrx_word' id='word_1_66' title='bbox 419 710 562 743; x_wconf 86' lang='lat' dir='ltr'>unquam</span> <span class='ocrx_word' id='word_1_67' title='bbox 581 698 762 737; x_wconf 83' lang='lat' dir='ltr'>remittens,</span> <span class='ocrx_word' id='word_1_68' title='bbox 780 696 987 730; x_wconf 84' lang='lat' dir='ltr'>matrimonio</span> <span class='ocrx_word' id='word_1_69' title='bbox 1005 696 1158 729; x_wconf 80' lang='lat' dir='ltr'>sociatur.</span> 
     </span>
     <span class='ocr_line' id='line_1_14' title="bbox 420 750 1183 794; baseline -0.008 -8"><span class='ocrx_word' id='word_1_70' title='bbox 420 753 558 786; x_wconf 74' lang='lat' dir='ltr'>Pulchra</span> <span class='ocrx_word' id='word_1_71' title='bbox 574 758 603 785; x_wconf 88' lang='lat' dir='ltr'>et</span> <span class='ocrx_word' id='word_1_72' title='bbox 621 751 753 794; x_wconf 74' lang='lat' dir='ltr'>copiosa</span> <span class='ocrx_word' id='word_1_73' title='bbox 774 752 867 794; x_wconf 82' lang='lat' dir='ltr'>prole</span> <span class='ocrx_word' id='word_1_74' title='bbox 888 750 1035 787; x_wconf 82' lang='lat' dir='ltr'>donatus,</span> <span class='ocrx_word' id='word_1_75' title='bbox 1055 750 1094 781; x_wconf 85' lang='lat' dir='ltr'>ab</span> <span class='ocrx_word' id='word_1_76' title='bbox 1113 752 1158 788; x_wconf 72' lang='lat' dir='ltr'>eii,</span> <span class='ocrx_word' id='word_1_77' title='bbox 1181 759 1183 775; x_wconf 69' lang='lat' dir='ltr'>t</span> 
     </span>
     <span class='ocr_line' id='line_1_15' title="bbox 419 801 1159 850; baseline -0.008 -10"><span class='ocrx_word' id='word_1_78' title='bbox 419 817 514 850; x_wconf 90' lang='lat' dir='ltr'>quam</span> <span class='ocrx_word' id='word_1_79' title='bbox 541 806 677 844; x_wconf 81' lang='lat' dir='ltr'>inierat,</span> <span class='ocrx_word' id='word_1_80' title='bbox 711 803 841 847; x_wconf 77' lang='lat' dir='ltr'>pietatis</span> <span class='ocrx_word' id='word_1_81' title='bbox 874 803 984 845; x_wconf 74' lang='lat' dir='ltr'>regula</span> <span class='ocrx_word' id='word_1_82' title='bbox 1017 801 1159 835; x_wconf 87' lang='lat' dir='ltr'>animum</span> 
     </span>
     <span class='ocr_line' id='line_1_16' title="bbox 420 855 1160 901; baseline -0.008 -7"><span class='ocrx_word' id='word_1_83' title='bbox 420 860 505 894; x_wconf 88' lang='lat' dir='ltr'>domi</span> <span class='ocrx_word' id='word_1_84' title='bbox 527 859 642 892; x_wconf 74' lang='lat' dir='ltr'>t&#39;orisve</span> <span class='ocrx_word' id='word_1_85' title='bbox 659 868 825 901; x_wconf 82' lang='lat' dir='ltr'>nunquam</span> <span class='ocrx_word' id='word_1_86' title='bbox 854 855 984 896; x_wconf 87' lang='lat' dir='ltr'>avertit,</span> <span class='ocrx_word' id='word_1_87' title='bbox 1015 856 1160 889; x_wconf 83' lang='lat' dir='ltr'>caelesti-</span> 
     </span>
     <span class='ocr_line' id='line_1_17' title="bbox 420 910 1157 953; baseline -0.007 -7"><span class='ocrx_word' id='word_1_88' title='bbox 420 915 478 946; x_wconf 88' lang='lat' dir='ltr'>bus</span> <span class='ocrx_word' id='word_1_89' title='bbox 498 912 690 946; x_wconf 71' lang='lat' dir='ltr'>meditandis</span> <span class='ocrx_word' id='word_1_90' title='bbox 710 910 763 943; x_wconf 92' lang='lat' dir='ltr'>diu</span> <span class='ocrx_word' id='word_1_91' title='bbox 786 915 949 953; x_wconf 79' lang='lat' dir='ltr'>noctuque</span> <span class='ocrx_word' id='word_1_92' title='bbox 972 914 1157 953; x_wconf 80' lang='lat' dir='ltr'>occupatus,</span> 
     </span>
     <span class='ocr_line' id='line_1_18' title="bbox 419 963 1161 1009; baseline -0.005 -9"><span class='ocrx_word' id='word_1_93' title='bbox 419 968 507 1000; x_wconf 71' lang='lat' dir='ltr'>sacra</span> <span class='ocrx_word' id='word_1_94' title='bbox 533 965 641 1009; x_wconf 78' lang='lat' dir='ltr'>synaxi</span> <span class='ocrx_word' id='word_1_95' title='bbox 668 964 814 1008; x_wconf 84' lang='lat' dir='ltr'>quolibet</span> <span class='ocrx_word' id='word_1_96' title='bbox 841 963 972 996; x_wconf 84' lang='lat' dir='ltr'>octiduo</span> <span class='ocrx_word' id='word_1_97' title='bbox 1001 974 1065 996; x_wconf 92' lang='lat' dir='ltr'>non</span> <span class='ocrx_word' id='word_1_98' title='bbox 1092 963 1161 996; x_wconf 81' lang='lat' dir='ltr'>sine</span> 
     </span>
     <span class='ocr_line' id='line_1_19' title="bbox 420 1016 1161 1064; baseline -0.005 -10"><span class='ocrx_word' id='word_1_99' title='bbox 420 1020 570 1064; x_wconf 63' lang='lat' dir='ltr'>lacrymis</span> <span class='ocrx_word' id='word_1_100' title='bbox 603 1018 721 1051; x_wconf 80' lang='lat' dir='ltr'>munIri</span> <span class='ocrx_word' id='word_1_101' title='bbox 758 1017 884 1050; x_wconf 88' lang='lat' dir='ltr'>solitus.</span> <span class='ocrx_word' id='word_1_102' title='bbox 913 1016 1065 1050; x_wconf 81' lang='lat' dir='ltr'>Sublatae</span> <span class='ocrx_word' id='word_1_103' title='bbox 1092 1017 1161 1050; x_wconf 84' lang='lat' dir='ltr'>lsa-</span> 
     </span>
     <span class='ocr_line' id='line_1_20' title="bbox 420 1070 1161 1115; baseline -0.008 -8"><span class='ocrx_word' id='word_1_104' title='bbox 420 1075 526 1107; x_wconf 86' lang='lat' dir='ltr'>bellae</span> <span class='ocrx_word' id='word_1_105' title='bbox 546 1073 706 1115; x_wconf 73' lang='lat' dir='ltr'>Augustae</span> <span class='ocrx_word' id='word_1_106' title='bbox 724 1070 895 1103; x_wconf 85' lang='lat' dir='ltr'>Granalam</span> <span class='ocrx_word' id='word_1_107' title='bbox 918 1070 1041 1102; x_wconf 79' lang='lat' dir='ltr'>funeris</span> <span class='ocrx_word' id='word_1_108' title='bbox 1062 1070 1161 1104; x_wconf 86' lang='lat' dir='ltr'>dedu-</span> 
     </span>
     <span class='ocr_line' id='line_1_21' title="bbox 420 1123 1162 1166; baseline -0.004 -7"><span class='ocrx_word' id='word_1_109' title='bbox 420 1126 512 1160; x_wconf 85' lang='lat' dir='ltr'>cendi</span> <span class='ocrx_word' id='word_1_110' title='bbox 541 1124 710 1157; x_wconf 81' lang='lat' dir='ltr'>Francisco</span> <span class='ocrx_word' id='word_1_111' title='bbox 735 1134 815 1157; x_wconf 90' lang='lat' dir='ltr'>onus</span> <span class='ocrx_word' id='word_1_112' title='bbox 848 1123 1045 1166; x_wconf 77' lang='lat' dir='ltr'>imponitur,</span> <span class='ocrx_word' id='word_1_113' title='bbox 1072 1123 1162 1156; x_wconf 87' lang='lat' dir='ltr'>cuius</span> 
     </span>
    </p>
   </div>
   <div class='ocr_carea' id='block_1_6' title="bbox 1180 293 1185 1237">
    <p class='ocr_par' dir='ltr' id='par_1_6' title="bbox 1180 293 1185 1237">
     <span class='ocr_line' id='line_1_22' title="bbox 1180 293 1185 1237; baseline 0 0"><span class='ocrx_word' id='word_1_114' title='bbox 1180 293 1185 1237; x_wconf 95' lang='lat' dir='ltr'> </span> 
     </span>
    </p>
   </div>
   <div class='ocr_carea' id='block_1_7' title="bbox 418 1175 1165 2506">
    <p class='ocr_par' dir='ltr' id='par_1_7' title="bbox 418 1175 1165 2506">
     <span class='ocr_line' id='line_1_23' title="bbox 420 1175 1164 1220; baseline -0.004 -8"><span class='ocrx_word' id='word_1_115' title='bbox 420 1178 591 1219; x_wconf 79' lang='lat' dir='ltr'>cadaveris,</span> <span class='ocrx_word' id='word_1_116' title='bbox 618 1183 651 1210; x_wconf 91' lang='lat' dir='ltr'>ut</span> <span class='ocrx_word' id='word_1_117' title='bbox 676 1177 805 1220; x_wconf 73' lang='lat' dir='ltr'>publica</span> <span class='ocrx_word' id='word_1_118' title='bbox 825 1175 886 1210; x_wconf 82' lang='lat' dir='ltr'>side</span> <span class='ocrx_word' id='word_1_119' title='bbox 912 1186 1164 1219; x_wconf 49' lang='lat' dir='ltr'>recognoscere*</span> 
     </span>
     <span class='ocr_line' id='line_1_24' title="bbox 421 1230 1161 1273; baseline -0.003 -8"><span class='ocrx_word' id='word_1_120' title='bbox 421 1240 480 1273; x_wconf 85' lang='lat' dir='ltr'>tur,</span> <span class='ocrx_word' id='word_1_121' title='bbox 496 1232 614 1264; x_wconf 84' lang='lat' dir='ltr'>nudata</span> <span class='ocrx_word' id='word_1_122' title='bbox 631 1231 727 1264; x_wconf 79' lang='lat' dir='ltr'>facies</span> <span class='ocrx_word' id='word_1_123' title='bbox 745 1230 943 1263; x_wconf 80' lang='lat' dir='ltr'>disormitate</span> <span class='ocrx_word' id='word_1_124' title='bbox 963 1231 1021 1262; x_wconf 78' lang='lat' dir='ltr'>sua</span> <span class='ocrx_word' id='word_1_125' title='bbox 1040 1235 1161 1263; x_wconf 87' lang='lat' dir='ltr'>lantum</span> 
     </span>
     <span class='ocr_line' id='line_1_25' title="bbox 420 1283 1162 1324; baseline -0.003 -6"><span class='ocrx_word' id='word_1_126' title='bbox 420 1287 446 1319; x_wconf 91' lang='lat' dir='ltr'>ei</span> <span class='ocrx_word' id='word_1_127' title='bbox 476 1291 635 1318; x_wconf 67' lang='lat' dir='ltr'>terrorem</span> <span class='ocrx_word' id='word_1_128' title='bbox 661 1283 806 1323; x_wconf 85' lang='lat' dir='ltr'>incussit,</span> <span class='ocrx_word' id='word_1_129' title='bbox 828 1289 870 1324; x_wconf 82' lang='lat' dir='ltr'>ut,</span> <span class='ocrx_word' id='word_1_130' title='bbox 895 1283 1001 1316; x_wconf 80' lang='lat' dir='ltr'>divina</span> <span class='ocrx_word' id='word_1_131' title='bbox 1029 1284 1099 1316; x_wconf 89' lang='lat' dir='ltr'>luce</span> <span class='ocrx_word' id='word_1_132' title='bbox 1126 1283 1162 1316; x_wconf 93' lang='lat' dir='ltr'>il-</span> 
     </span>
     <span class='ocr_line' id='line_1_26' title="bbox 420 1336 1161 1379; baseline -0.007 -6"><span class='ocrx_word' id='word_1_133' title='bbox 420 1342 585 1378; x_wconf 86' lang='lat' dir='ltr'>lnstratus,</span> <span class='ocrx_word' id='word_1_134' title='bbox 611 1339 650 1371; x_wconf 89' lang='lat' dir='ltr'>de</span> <span class='ocrx_word' id='word_1_135' title='bbox 677 1337 814 1370; x_wconf 86' lang='lat' dir='ltr'>terrenis</span> <span class='ocrx_word' id='word_1_136' title='bbox 837 1337 953 1377; x_wconf 86' lang='lat' dir='ltr'>rebus,</span> <span class='ocrx_word' id='word_1_137' title='bbox 980 1336 1004 1368; x_wconf 89' lang='lat' dir='ltr'>si</span> <span class='ocrx_word' id='word_1_138' title='bbox 1031 1336 1161 1379; x_wconf 80' lang='lat' dir='ltr'>coniugi</span> 
     </span>
     <span class='ocr_line' id='line_1_27' title="bbox 419 1390 1160 1436; baseline -0.003 -11"><span class='ocrx_word' id='word_1_139' title='bbox 419 1397 622 1436; x_wconf 82' lang='lat' dir='ltr'>superesset,</span> <span class='ocrx_word' id='word_1_140' title='bbox 647 1390 781 1425; x_wconf 88' lang='lat' dir='ltr'>omnino</span> <span class='ocrx_word' id='word_1_141' title='bbox 806 1391 993 1423; x_wconf 71' lang='lat' dir='ltr'>deserendis</span> <span class='ocrx_word' id='word_1_142' title='bbox 1019 1390 1100 1434; x_wconf 89' lang='lat' dir='ltr'>apud</span> <span class='ocrx_word' id='word_1_143' title='bbox 1127 1401 1160 1423; x_wconf 86' lang='lat' dir='ltr'>sc</span> 
     </span>
     <span class='ocr_line' id='line_1_28' title="bbox 419 1444 1161 1488; baseline -0.005 -9"><span class='ocrx_word' id='word_1_144' title='bbox 419 1445 645 1485; x_wconf 78' lang='lat' dir='ltr'>constituerit,</span> <span class='ocrx_word' id='word_1_145' title='bbox 672 1445 879 1488; x_wconf 88' lang='lat' dir='ltr'>postmodum</span> <span class='ocrx_word' id='word_1_146' title='bbox 913 1444 1020 1476; x_wconf 82' lang='lat' dir='ltr'>dicere</span> <span class='ocrx_word' id='word_1_147' title='bbox 1046 1444 1161 1476; x_wconf 88' lang='lat' dir='ltr'>solitus</span> 
     </span>
     <span class='ocr_line' id='line_1_29' title="bbox 421 1497 1159 1541; baseline -0.003 -9"><span class='ocrx_word' id='word_1_148' title='bbox 421 1505 556 1533; x_wconf 88' lang='lat' dir='ltr'>mortem</span> <span class='ocrx_word' id='word_1_149' title='bbox 583 1499 747 1541; x_wconf 68' lang='lat' dir='ltr'>Augustae</span> <span class='ocrx_word' id='word_1_150' title='bbox 781 1497 840 1530; x_wconf 85' lang='lat' dir='ltr'>sibi</span> <span class='ocrx_word' id='word_1_151' title='bbox 874 1497 970 1530; x_wconf 89' lang='lat' dir='ltr'>vitam</span> <span class='ocrx_word' id='word_1_152' title='bbox 1002 1497 1159 1530; x_wconf 85' lang='lat' dir='ltr'>attulisse.</span> 
     </span>
     <span class='ocr_line' id='line_1_30' title="bbox 419 1550 1161 1594; baseline -0.005 -8"><span class='ocrx_word' id='word_1_153' title='bbox 419 1552 607 1586; x_wconf 68' lang='lat' dir='ltr'>Calidoniae</span> <span class='ocrx_word' id='word_1_154' title='bbox 627 1562 697 1584; x_wconf 91' lang='lat' dir='ltr'>cum</span> <span class='ocrx_word' id='word_1_155' title='bbox 719 1551 858 1594; x_wconf 86' lang='lat' dir='ltr'>imperio</span> <span class='ocrx_word' id='word_1_156' title='bbox 876 1550 1069 1594; x_wconf 76' lang='lat' dir='ltr'>praefectus,</span> <span class='ocrx_word' id='word_1_157' title='bbox 1092 1561 1161 1583; x_wconf 85' lang='lat' dir='ltr'>eam</span> 
     </span>
     <span class='ocr_line' id='line_1_31' title="bbox 420 1603 1162 1650; baseline -0.005 -10"><span class='ocrx_word' id='word_1_158' title='bbox 420 1606 652 1650; x_wconf 70' lang='lat' dir='ltr'>cogitationem</span> <span class='ocrx_word' id='word_1_159' title='bbox 679 1605 844 1637; x_wconf 78' lang='lat' dir='ltr'>ardentius</span> <span class='ocrx_word' id='word_1_160' title='bbox 872 1604 956 1644; x_wconf 78' lang='lat' dir='ltr'>fovit,</span> <span class='ocrx_word' id='word_1_161' title='bbox 976 1603 1085 1647; x_wconf 80' lang='lat' dir='ltr'>ibique</span> <span class='ocrx_word' id='word_1_162' title='bbox 1105 1615 1162 1647; x_wconf 88' lang='lat' dir='ltr'>po-</span> 
     </span>
     <span class='ocr_line' id='line_1_32' title="bbox 420 1657 1161 1704; baseline -0.004 -13"><span class='ocrx_word' id='word_1_163' title='bbox 420 1660 573 1704; x_wconf 83' lang='lat' dir='ltr'>pulorum</span> <span class='ocrx_word' id='word_1_164' title='bbox 600 1657 744 1691; x_wconf 78' lang='lat' dir='ltr'>felicitati</span> <span class='ocrx_word' id='word_1_165' title='bbox 771 1658 813 1690; x_wconf 89' lang='lat' dir='ltr'>ita</span> <span class='ocrx_word' id='word_1_166' title='bbox 839 1658 978 1697; x_wconf 81' lang='lat' dir='ltr'>studuit,</span> <span class='ocrx_word' id='word_1_167' title='bbox 1003 1662 1038 1689; x_wconf 83' lang='lat' dir='ltr'>nt</span> <span class='ocrx_word' id='word_1_168' title='bbox 1062 1657 1161 1700; x_wconf 87' lang='lat' dir='ltr'>patris</span> 
     </span>
     <span class='ocr_line' id='line_1_33' title="bbox 420 1710 1162 1757; baseline -0.005 -10"><span class='ocrx_word' id='word_1_169' title='bbox 420 1712 546 1757; x_wconf 75' lang='lat' dir='ltr'>patriae</span> <span class='ocrx_word' id='word_1_170' title='bbox 563 1711 672 1754; x_wconf 83' lang='lat' dir='ltr'>elogio</span> <span class='ocrx_word' id='word_1_171' title='bbox 689 1716 851 1754; x_wconf 85' lang='lat' dir='ltr'>tamquam</span> <span class='ocrx_word' id='word_1_172' title='bbox 865 1710 1060 1753; x_wconf 82' lang='lat' dir='ltr'>reipublicae</span> <span class='ocrx_word' id='word_1_173' title='bbox 1075 1712 1162 1743; x_wconf 88' lang='lat' dir='ltr'>bono</span> 
     </span>
     <span class='ocr_line' id='line_1_34' title="bbox 420 1763 1162 1806; baseline -0.005 -7"><span class='ocrx_word' id='word_1_174' title='bbox 420 1772 512 1800; x_wconf 80' lang='lat' dir='ltr'>natus</span> <span class='ocrx_word' id='word_1_175' title='bbox 543 1763 710 1798; x_wconf 85' lang='lat' dir='ltr'>honestari</span> <span class='ocrx_word' id='word_1_176' title='bbox 737 1763 903 1796; x_wconf 75' lang='lat' dir='ltr'>meruerit.</span> <span class='ocrx_word' id='word_1_177' title='bbox 924 1763 1070 1806; x_wconf 79' lang='lat' dir='ltr'>Magnam</span> <span class='ocrx_word' id='word_1_178' title='bbox 1093 1763 1162 1795; x_wconf 88' lang='lat' dir='ltr'>anri</span> 
     </span>
     <span class='ocr_line' id='line_1_35' title="bbox 418 1817 1164 1863; baseline -0.004 -11"><span class='ocrx_word' id='word_1_179' title='bbox 418 1821 480 1852; x_wconf 83' lang='lat' dir='ltr'>vim</span> <span class='ocrx_word' id='word_1_180' title='bbox 507 1820 538 1852; x_wconf 95' lang='lat' dir='ltr'>in</span> <span class='ocrx_word' id='word_1_181' title='bbox 565 1828 726 1863; x_wconf 75' lang='lat' dir='ltr'>pauperes</span> <span class='ocrx_word' id='word_1_182' title='bbox 752 1817 921 1860; x_wconf 69' lang='lat' dir='ltr'>erogavit,</span> <span class='ocrx_word' id='word_1_183' title='bbox 948 1818 1033 1860; x_wconf 91' lang='lat' dir='ltr'>piam</span> <span class='ocrx_word' id='word_1_184' title='bbox 1058 1828 1164 1850; x_wconf 83' lang='lat' dir='ltr'>sacra—</span> 
     </span>
     <span class='ocr_line' id='line_1_36' title="bbox 419 1871 1164 1916; baseline -0.004 -9"><span class='ocrx_word' id='word_1_185' title='bbox 419 1885 490 1907; x_wconf 90' lang='lat' dir='ltr'>rum</span> <span class='ocrx_word' id='word_1_186' title='bbox 517 1873 676 1916; x_wconf 86' lang='lat' dir='ltr'>virginum</span> <span class='ocrx_word' id='word_1_187' title='bbox 697 1877 728 1905; x_wconf 86' lang='lat' dir='ltr'>et.</span> <span class='ocrx_word' id='word_1_188' title='bbox 748 1871 890 1904; x_wconf 89' lang='lat' dir='ltr'>virorum</span> <span class='ocrx_word' id='word_1_189' title='bbox 917 1871 1054 1904; x_wconf 77' lang='lat' dir='ltr'>familias</span> <span class='ocrx_word' id='word_1_190' title='bbox 1082 1872 1164 1904; x_wconf 86' lang='lat' dir='ltr'>elee-</span> 
     </span>
     <span class='ocr_line' id='line_1_37' title="bbox 420 1925 1161 1972; baseline -0.005 -11"><span class='ocrx_word' id='word_1_191' title='bbox 420 1927 562 1972; x_wconf 76' lang='lat' dir='ltr'>mosynis</span> <span class='ocrx_word' id='word_1_192' title='bbox 589 1926 693 1966; x_wconf 70' lang='lat' dir='ltr'>auxit·⁷</span> <span class='ocrx_word' id='word_1_193' title='bbox 714 1926 771 1959; x_wconf 88' lang='lat' dir='ltr'>sed</span> <span class='ocrx_word' id='word_1_194' title='bbox 795 1925 877 1958; x_wconf 85' lang='lat' dir='ltr'>etin</span> <span class='ocrx_word' id='word_1_195' title='bbox 903 1925 1028 1968; x_wconf 83' lang='lat' dir='ltr'>primis,</span> <span class='ocrx_word' id='word_1_196' title='bbox 1051 1925 1105 1968; x_wconf 78' lang='lat' dir='ltr'>qui</span> <span class='ocrx_word' id='word_1_197' title='bbox 1126 1936 1161 1957; x_wconf 84' lang='lat' dir='ltr'>ex</span> 
     </span>
     <span class='ocr_line' id='line_1_38' title="bbox 419 1978 1163 2021; baseline -0.007 -6"><span class='ocrx_word' id='word_1_198' title='bbox 419 1982 546 2015; x_wconf 74' lang='lat' dir='ltr'>summa</span> <span class='ocrx_word' id='word_1_199' title='bbox 584 1980 710 2012; x_wconf 70' lang='lat' dir='ltr'>fortuna</span> <span class='ocrx_word' id='word_1_200' title='bbox 743 1979 780 2011; x_wconf 92' lang='lat' dir='ltr'>ad</span> <span class='ocrx_word' id='word_1_201' title='bbox 809 1985 987 2011; x_wconf 74' lang='lat' dir='ltr'>extreman]</span> <span class='ocrx_word' id='word_1_202' title='bbox 1020 1978 1163 2021; x_wconf 82' lang='lat' dir='ltr'>inopiam</span> 
     </span>
     <span class='ocr_line' id='line_1_39' title="bbox 420 2030 1163 2074; baseline -0.007 -6"><span class='ocrx_word' id='word_1_203' title='bbox 420 2034 638 2071; x_wconf 77' lang='lat' dir='ltr'>devenissent,</span> <span class='ocrx_word' id='word_1_204' title='bbox 658 2033 738 2065; x_wconf 87' lang='lat' dir='ltr'>clam</span> <span class='ocrx_word' id='word_1_205' title='bbox 758 2031 848 2064; x_wconf 85' lang='lat' dir='ltr'>aluit.</span> <span class='ocrx_word' id='word_1_206' title='bbox 870 2030 1025 2064; x_wconf 75' lang='lat' dir='ltr'>Consilio²</span> <span class='ocrx_word' id='word_1_207' title='bbox 1037 2031 1163 2074; x_wconf 88' lang='lat' dir='ltr'>pridem</span> 
     </span>
     <span class='ocr_line' id='line_1_40' title="bbox 419 2084 1163 2128; baseline -0.005 -7"><span class='ocrx_word' id='word_1_208' title='bbox 419 2087 527 2121; x_wconf 85' lang='lat' dir='ltr'>animo</span> <span class='ocrx_word' id='word_1_209' title='bbox 553 2086 685 2119; x_wconf 86' lang='lat' dir='ltr'>insitum</span> <span class='ocrx_word' id='word_1_210' title='bbox 712 2095 808 2128; x_wconf 87' lang='lat' dir='ltr'>saepe</span> <span class='ocrx_word' id='word_1_211' title='bbox 835 2084 1039 2127; x_wconf 78' lang='lat' dir='ltr'>recogitans,</span> <span class='ocrx_word' id='word_1_212' title='bbox 1066 2090 1163 2128; x_wconf 82' lang='lat' dir='ltr'>atque</span> 
     </span>
     <span class='ocr_line' id='line_1_41' title="bbox 419 2137 1164 2179; baseline -0.004 -5"><span class='ocrx_word' id='word_1_213' title='bbox 419 2141 475 2175; x_wconf 90' lang='lat' dir='ltr'>uni</span> <span class='ocrx_word' id='word_1_214' title='bbox 502 2141 567 2174; x_wconf 82' lang='lat' dir='ltr'>Deo</span> <span class='ocrx_word' id='word_1_215' title='bbox 589 2138 778 2172; x_wconf 84' lang='lat' dir='ltr'>meditando</span> <span class='ocrx_word' id='word_1_216' title='bbox 805 2137 995 2179; x_wconf 78' lang='lat' dir='ltr'>inhaerens,</span> <span class='ocrx_word' id='word_1_217' title='bbox 1022 2137 1164 2172; x_wconf 86' lang='lat' dir='ltr'>diluculo</span> 
     </span>
     <span class='ocr_line' id='line_1_42' title="bbox 420 2191 1165 2239; baseline -0.004 -12"><span class='ocrx_word' id='word_1_218' title='bbox 420 2194 528 2239; x_wconf 83' lang='lat' dir='ltr'>quinis</span> <span class='ocrx_word' id='word_1_219' title='bbox 548 2193 639 2226; x_wconf 87' lang='lat' dir='ltr'>boris</span> <span class='ocrx_word' id='word_1_220' title='bbox 657 2193 695 2225; x_wconf 89' lang='lat' dir='ltr'>de</span> <span class='ocrx_word' id='word_1_221' title='bbox 714 2202 797 2235; x_wconf 81' lang='lat' dir='ltr'>genu</span> <span class='ocrx_word' id='word_1_222' title='bbox 817 2191 962 2235; x_wconf 83' lang='lat' dir='ltr'>quotidie</span> <span class='ocrx_word' id='word_1_223' title='bbox 982 2201 1084 2231; x_wconf 87' lang='lat' dir='ltr'>orare,</span> <span class='ocrx_word' id='word_1_224' title='bbox 1106 2192 1165 2225; x_wconf 85' lang='lat' dir='ltr'>sre-</span> 
     </span>
     <span class='ocr_line' id='line_1_43' title="bbox 420 2244 1163 2292; baseline -0.004 -12"><span class='ocrx_word' id='word_1_225' title='bbox 420 2247 531 2292; x_wconf 82' lang='lat' dir='ltr'>quenti</span> <span class='ocrx_word' id='word_1_226' title='bbox 560 2246 686 2279; x_wconf 87' lang='lat' dir='ltr'>divinae</span> <span class='ocrx_word' id='word_1_227' title='bbox 705 2255 833 2278; x_wconf 84' lang='lat' dir='ltr'>mensae</span> <span class='ocrx_word' id='word_1_228' title='bbox 855 2245 1017 2284; x_wconf 86' lang='lat' dir='ltr'>accubitu,</span> <span class='ocrx_word' id='word_1_229' title='bbox 1035 2244 1163 2278; x_wconf 86' lang='lat' dir='ltr'>ieiuniis</span> 
     </span>
     <span class='ocr_line' id='line_1_44' title="bbox 420 2298 1164 2341; baseline -0.004 -7"><span class='ocrx_word' id='word_1_230' title='bbox 420 2311 545 2341; x_wconf 82' lang='lat' dir='ltr'>vacare,</span> <span class='ocrx_word' id='word_1_231' title='bbox 566 2298 706 2333; x_wconf 87' lang='lat' dir='ltr'>recreari</span> <span class='ocrx_word' id='word_1_232' title='bbox 729 2299 906 2332; x_wconf 80' lang='lat' dir='ltr'>consuevit.</span> <span class='ocrx_word' id='word_1_233' title='bbox 933 2298 1023 2331; x_wconf 85' lang='lat' dir='ltr'>Tunc</span> <span class='ocrx_word' id='word_1_234' title='bbox 1042 2298 1069 2331; x_wconf 90' lang='lat' dir='ltr'>ei</span> <span class='ocrx_word' id='word_1_235' title='bbox 1092 2299 1164 2331; x_wconf 87' lang='lat' dir='ltr'>bea-</span> 
     </span>
     <span class='ocr_line' id='line_1_45' title="bbox 421 2352 1163 2397; baseline -0.004 -10"><span class='ocrx_word' id='word_1_236' title='bbox 421 2362 487 2387; x_wconf 86' lang='lat' dir='ltr'>tum</span> <span class='ocrx_word' id='word_1_237' title='bbox 506 2353 662 2397; x_wconf 75' lang='lat' dir='ltr'>ignatium</span> <span class='ocrx_word' id='word_1_238' title='bbox 682 2352 881 2395; x_wconf 77' lang='lat' dir='ltr'>regularium</span> <span class='ocrx_word' id='word_1_239' title='bbox 897 2353 1163 2395; x_wconf 79' lang='lat' dir='ltr'>presbyterorum</span> 
     </span>
     <span class='ocr_line' id='line_1_46' title="bbox 420 2405 1163 2449; baseline -0.004 -8"><span class='ocrx_word' id='word_1_240' title='bbox 420 2406 590 2441; x_wconf 82' lang='lat' dir='ltr'>Societatis</span> <span class='ocrx_word' id='word_1_241' title='bbox 613 2406 698 2447; x_wconf 85' lang='lat' dir='ltr'>lesu,</span> <span class='ocrx_word' id='word_1_242' title='bbox 724 2406 773 2438; x_wconf 87' lang='lat' dir='ltr'>cni</span> <span class='ocrx_word' id='word_1_243' title='bbox 801 2411 911 2449; x_wconf 86' lang='lat' dir='ltr'>postea</span> <span class='ocrx_word' id='word_1_244' title='bbox 930 2416 1047 2438; x_wconf 84' lang='lat' dir='ltr'>nomen</span> <span class='ocrx_word' id='word_1_245' title='bbox 1066 2405 1163 2445; x_wconf 82' lang='lat' dir='ltr'>dedit,</span> 
     </span>
     <span class='ocr_line' id='line_1_47' title="bbox 421 2459 1162 2506; baseline -0.003 -12"><span class='ocrx_word' id='word_1_246' title='bbox 421 2466 590 2506; x_wconf 84' lang='lat' dir='ltr'>parentem</span> <span class='ocrx_word' id='word_1_247' title='bbox 617 2465 648 2492; x_wconf 89' lang='lat' dir='ltr'>et</span> <span class='ocrx_word' id='word_1_248' title='bbox 681 2459 883 2492; x_wconf 74' lang='lat' dir='ltr'>conditorem</span> <span class='ocrx_word' id='word_1_249' title='bbox 909 2459 1011 2503; x_wconf 87' lang='lat' dir='ltr'>prima</span> <span class='ocrx_word' id='word_1_250' title='bbox 1037 2459 1162 2492; x_wconf 81' lang='lat' dir='ltr'>occasio</span> 
     </span>
    </p>
   </div>
   <div class='ocr_carea' id='block_1_8' title="bbox 455 2529 1087 2612">
    <p class='ocr_par' dir='ltr' id='par_1_8' title="bbox 455 2529 1087 2612">
     <span class='ocr_line' id='line_1_48' title="bbox 458 2529 1084 2565; baseline -0.005 -6"><span class='ocrx_word' id='word_1_251' title='bbox 458 2534 468 2559; x_wconf 82' lang='grc'>1</span> <span class='ocrx_word' id='word_1_252' title='bbox 492 2531 562 2559; x_wconf 81' lang='lat' dir='ltr'>Male</span> <span class='ocrx_word' id='word_1_253' title='bbox 582 2530 647 2559; x_wconf 84' lang='lat' dir='ltr'>edit.</span> <span class='ocrx_word' id='word_1_254' title='bbox 670 2530 753 2557; x_wconf 84' lang='lat' dir='ltr'>Main.</span> <span class='ocrx_word' id='word_1_255' title='bbox 772 2529 838 2564; x_wconf 75' lang='lat' dir='ltr'>legit</span> <span class='ocrx_word' id='word_1_256' title='bbox 858 2530 959 2557; x_wconf 76' lang='lat' dir='ltr'>educat</span> <span class='ocrx_word' id='word_1_257' title='bbox 978 2531 1016 2565; x_wconf 75' lang='lat' dir='ltr'>(ti.</span> <span class='ocrx_word' id='word_1_258' title='bbox 1035 2537 1084 2563; x_wconf 58' lang='lat' dir='ltr'>iu).</span> 
     </span>
     <span class='ocr_line' id='line_1_49' title="bbox 455 2574 1087 2612; baseline -0.006 -7"><span class='ocrx_word' id='word_1_259' title='bbox 455 2576 471 2605; x_wconf 75' lang='lat'>2</span> <span class='ocrx_word' id='word_1_260' title='bbox 493 2576 606 2604; x_wconf 81' lang='lat' dir='ltr'>videtur</span> <span class='ocrx_word' id='word_1_261' title='bbox 626 2574 771 2612; x_wconf 79' lang='lat' dir='ltr'>tegendum</span> <span class='ocrx_word' id='word_1_262' title='bbox 794 2575 958 2604; x_wconf 67' lang='lat' dir='ltr'>Consilium</span> <span class='ocrx_word' id='word_1_263' title='bbox 979 2580 1017 2610; x_wconf 70' lang='lat' dir='ltr'>ta.</span> <span class='ocrx_word' id='word_1_264' title='bbox 1039 2579 1087 2608; x_wconf 68' lang='lat' dir='ltr'>r).</span> 
     </span>
    </p>
   </div>
   <div class='ocr_carea' id='block_1_9' title="bbox 1201 271 1951 2499">
    <p class='ocr_par' dir='ltr' id='par_1_9' title="bbox 1201 271 1951 2499">
     <span class='ocr_line' id='line_1_50' title="bbox 1201 271 1942 316; baseline 0.005 -14"><span class='ocrx_word' id='word_1_265' title='bbox 1201 271 1275 304; x_wconf 89' lang='lat' dir='ltr'>litus</span> <span class='ocrx_word' id='word_1_266' title='bbox 1303 272 1376 305; x_wconf 85' lang='lat' dir='ltr'>data</span> <span class='ocrx_word' id='word_1_267' title='bbox 1401 278 1459 305; x_wconf 84' lang='lat' dir='ltr'>est.</span> <span class='ocrx_word' id='word_1_268' title='bbox 1487 272 1578 305; x_wconf 84' lang='lat' dir='ltr'>Patre</span> <span class='ocrx_word' id='word_1_269' title='bbox 1605 273 1727 316; x_wconf 87' lang='lat' dir='ltr'>optimo</span> <span class='ocrx_word' id='word_1_270' title='bbox 1749 278 1846 316; x_wconf 85' lang='lat' dir='ltr'>atque</span> <span class='ocrx_word' id='word_1_271' title='bbox 1872 273 1942 316; x_wconf 75' lang='lat' dir='ltr'>ipsa</span> 
     </span>
     <span class='ocr_line' id='line_1_51' title="bbox 1201 324 1939 368; baseline 0.004 -13"><span class='ocrx_word' id='word_1_272' title='bbox 1201 324 1338 367; x_wconf 79' lang='lat' dir='ltr'>coniuge</span> <span class='ocrx_word' id='word_1_273' title='bbox 1357 325 1484 368; x_wconf 83' lang='lat' dir='ltr'>piarum</span> <span class='ocrx_word' id='word_1_274' title='bbox 1510 325 1652 358; x_wconf 88' lang='lat' dir='ltr'>omnium</span> <span class='ocrx_word' id='word_1_275' title='bbox 1671 326 1939 359; x_wconf 68' lang='lat' dir='ltr'>exercitationum</span> 
     </span>
     <span class='ocr_line' id='line_1_52' title="bbox 1202 378 1941 419; baseline 0.003 -10"><span class='ocrx_word' id='word_1_276' title='bbox 1202 378 1288 410; x_wconf 73' lang='lat' dir='ltr'>socia</span> <span class='ocrx_word' id='word_1_277' title='bbox 1316 378 1458 418; x_wconf 76' lang='lat' dir='ltr'>orbatus,</span> <span class='ocrx_word' id='word_1_278' title='bbox 1479 384 1510 410; x_wconf 84' lang='lat' dir='ltr'>et.</span> <span class='ocrx_word' id='word_1_279' title='bbox 1528 379 1658 411; x_wconf 87' lang='lat' dir='ltr'>domum</span> <span class='ocrx_word' id='word_1_280' title='bbox 1678 380 1790 419; x_wconf 84' lang='lat' dir='ltr'>redux,</span> <span class='ocrx_word' id='word_1_281' title='bbox 1808 389 1941 412; x_wconf 88' lang='lat' dir='ltr'>suorum</span> 
     </span>
     <span class='ocr_line' id='line_1_53' title="bbox 1202 428 1942 474; baseline 0.004 -13"><span class='ocrx_word' id='word_1_282' title='bbox 1202 428 1433 462; x_wconf 77' lang='lat' dir='ltr'>Gandiensium</span> <span class='ocrx_word' id='word_1_283' title='bbox 1458 431 1575 464; x_wconf 82' lang='lat' dir='ltr'>solatio</span> <span class='ocrx_word' id='word_1_284' title='bbox 1608 436 1636 463; x_wconf 86' lang='lat' dir='ltr'>et</span> <span class='ocrx_word' id='word_1_285' title='bbox 1675 431 1841 464; x_wconf 82' lang='lat' dir='ltr'>securitati</span> <span class='ocrx_word' id='word_1_286' title='bbox 1869 442 1942 474; x_wconf 90' lang='lat' dir='ltr'>pro—</span> 
     </span>
     <span class='ocr_line' id='line_1_54' title="bbox 1202 483 1942 525; baseline 0.004 -11"><span class='ocrx_word' id='word_1_287' title='bbox 1202 483 1318 525; x_wconf 80' lang='lat' dir='ltr'>spexit,</span> <span class='ocrx_word' id='word_1_288' title='bbox 1347 484 1530 517; x_wconf 82' lang='lat' dir='ltr'>nosocomia</span> <span class='ocrx_word' id='word_1_289' title='bbox 1555 484 1756 523; x_wconf 77' lang='lat' dir='ltr'>instaurarit,</span> <span class='ocrx_word' id='word_1_290' title='bbox 1781 484 1942 517; x_wconf 83' lang='lat' dir='ltr'>coenobia</span> 
     </span>
     <span class='ocr_line' id='line_1_55' title="bbox 1202 535 1940 580; baseline 0.004 -14"><span class='ocrx_word' id='word_1_291' title='bbox 1202 535 1405 575; x_wconf 80' lang='lat' dir='ltr'>construxit,</span> <span class='ocrx_word' id='word_1_292' title='bbox 1432 537 1597 580; x_wconf 67' lang='lat' dir='ltr'>gymnasia</span> <span class='ocrx_word' id='word_1_293' title='bbox 1622 548 1682 579; x_wconf 85' lang='lat' dir='ltr'>pro</span> <span class='ocrx_word' id='word_1_294' title='bbox 1708 536 1824 569; x_wconf 80' lang='lat' dir='ltr'>Mauris</span> <span class='ocrx_word' id='word_1_295' title='bbox 1850 537 1940 569; x_wconf 86' lang='lat' dir='ltr'>cbri-</span> 
     </span>
     <span class='ocr_line' id='line_1_56' title="bbox 1203 587 1943 629; baseline 0.005 -10"><span class='ocrx_word' id='word_1_296' title='bbox 1203 587 1306 621; x_wconf 78' lang='lat' dir='ltr'>stiane</span> <span class='ocrx_word' id='word_1_297' title='bbox 1345 589 1519 622; x_wconf 84' lang='lat' dir='ltr'>educandis</span> <span class='ocrx_word' id='word_1_298' title='bbox 1557 591 1679 629; x_wconf 82' lang='lat' dir='ltr'>erexit,</span> <span class='ocrx_word' id='word_1_299' title='bbox 1707 600 1812 623; x_wconf 83' lang='lat' dir='ltr'>sacras</span> <span class='ocrx_word' id='word_1_300' title='bbox 1848 592 1943 623; x_wconf 86' lang='lat' dir='ltr'>aedes</span> 
     </span>
     <span class='ocr_line' id='line_1_57' title="bbox 1204 641 1942 687; baseline 0.005 -15"><span class='ocrx_word' id='word_1_301' title='bbox 1204 641 1284 673; x_wconf 82' lang='lat' dir='ltr'>vasis</span> <span class='ocrx_word' id='word_1_302' title='bbox 1311 642 1416 675; x_wconf 81' lang='lat' dir='ltr'>aurcis</span> <span class='ocrx_word' id='word_1_303' title='bbox 1443 643 1673 686; x_wconf 73' lang='lat' dir='ltr'>argenteisque</span> <span class='ocrx_word' id='word_1_304' title='bbox 1700 655 1758 687; x_wconf 89' lang='lat' dir='ltr'>pro</span> <span class='ocrx_word' id='word_1_305' title='bbox 1786 643 1942 686; x_wconf 81' lang='lat' dir='ltr'>dignitate</span> 
     </span>
     <span class='ocr_line' id='line_1_58' title="bbox 1205 695 1943 740; baseline 0.004 -13"><span class='ocrx_word' id='word_1_306' title='bbox 1205 695 1424 738; x_wconf 78' lang='lat' dir='ltr'>locupletavit.</span> <span class='ocrx_word' id='word_1_307' title='bbox 1454 697 1561 740; x_wconf 78' lang='lat' dir='ltr'>Deque</span> <span class='ocrx_word' id='word_1_308' title='bbox 1588 698 1686 729; x_wconf 87' lang='lat' dir='ltr'>veteri</span> <span class='ocrx_word' id='word_1_309' title='bbox 1715 698 1795 730; x_wconf 73' lang='lat' dir='ltr'>vitae</span> <span class='ocrx_word' id='word_1_310' title='bbox 1821 708 1943 740; x_wconf 87' lang='lat' dir='ltr'>propo-</span> 
     </span>
     <span class='ocr_line' id='line_1_59' title="bbox 1204 748 1944 791; baseline 0.003 -11"><span class='ocrx_word' id='word_1_311' title='bbox 1204 748 1265 780; x_wconf 75' lang='lat' dir='ltr'>sito</span> <span class='ocrx_word' id='word_1_312' title='bbox 1292 748 1493 791; x_wconf 75' lang='lat' dir='ltr'>perficiendo</span> <span class='ocrx_word' id='word_1_313' title='bbox 1520 761 1629 783; x_wconf 83' lang='lat' dir='ltr'>secum</span> <span class='ocrx_word' id='word_1_314' title='bbox 1656 751 1763 783; x_wconf 86' lang='lat' dir='ltr'>animo</span> <span class='ocrx_word' id='word_1_315' title='bbox 1786 755 1944 790; x_wconf 81' lang='lat' dir='ltr'>statuens,</span> 
     </span>
     <span class='ocr_line' id='line_1_60' title="bbox 1204 802 1942 837; baseline 0.004 -4"><span class='ocrx_word' id='word_1_316' title='bbox 1204 802 1346 834; x_wconf 85' lang='lat' dir='ltr'>salubria</span> <span class='ocrx_word' id='word_1_317' title='bbox 1371 802 1402 834; x_wconf 91' lang='lat' dir='ltr'>in</span> <span class='ocrx_word' id='word_1_318' title='bbox 1430 803 1491 836; x_wconf 81' lang='lat' dir='ltr'>hoc</span> <span class='ocrx_word' id='word_1_319' title='bbox 1526 803 1586 836; x_wconf 84' lang='lat' dir='ltr'>sibi</span> <span class='ocrx_word' id='word_1_320' title='bbox 1620 803 1772 837; x_wconf 60' lang='lat' dir='ltr'>consilia(</span> <span class='ocrx_word' id='word_1_321' title='bbox 1790 803 1942 837; x_wconf 79' lang='lat' dir='ltr'>divinitus·</span> 
     </span>
     <span class='ocr_line' id='line_1_61' title="bbox 1205 855 1946 900; baseline 0.004 -13"><span class='ocrx_word' id='word_1_322' title='bbox 1205 855 1272 887; x_wconf 89' lang='lat' dir='ltr'>dari</span> <span class='ocrx_word' id='word_1_323' title='bbox 1300 866 1357 899; x_wconf 75' lang='lat' dir='ltr'>per</span> <span class='ocrx_word' id='word_1_324' title='bbox 1382 855 1543 890; x_wconf 82' lang='lat' dir='ltr'>bonorum</span> <span class='ocrx_word' id='word_1_325' title='bbox 1563 858 1731 890; x_wconf 82' lang='lat' dir='ltr'>bominum</span> <span class='ocrx_word' id='word_1_326' title='bbox 1757 868 1871 900; x_wconf 81' lang='lat' dir='ltr'>preces</span> <span class='ocrx_word' id='word_1_327' title='bbox 1892 858 1946 890; x_wconf 85' lang='lat' dir='ltr'>lla-</span> 
     </span>
     <span class='ocr_line' id='line_1_62' title="bbox 1204 908 1945 951; baseline 0.005 -11"><span class='ocrx_word' id='word_1_328' title='bbox 1204 908 1325 951; x_wconf 78' lang='lat' dir='ltr'>gitavit.</span> <span class='ocrx_word' id='word_1_329' title='bbox 1355 909 1436 941; x_wconf 78' lang='lat' dir='ltr'>Deus</span> <span class='ocrx_word' id='word_1_330' title='bbox 1463 911 1592 943; x_wconf 85' lang='lat' dir='ltr'>tandem</span> <span class='ocrx_word' id='word_1_331' title='bbox 1618 910 1699 943; x_wconf 84' lang='lat' dir='ltr'>servi</span> <span class='ocrx_word' id='word_1_332' title='bbox 1726 910 1774 943; x_wconf 85' lang='lat' dir='ltr'>sui</span> <span class='ocrx_word' id='word_1_333' title='bbox 1801 911 1881 944; x_wconf 83' lang='lat' dir='ltr'>votis</span> <span class='ocrx_word' id='word_1_334' title='bbox 1900 921 1945 944; x_wconf 83' lang='lat' dir='ltr'>at·-</span> 
     </span>
     <span class='ocr_line' id='line_1_63' title="bbox 1205 961 1946 1006; baseline 0.004 -13"><span class='ocrx_word' id='word_1_335' title='bbox 1205 961 1288 1001; x_wconf 83' lang='lat' dir='ltr'>risit,</span> <span class='ocrx_word' id='word_1_336' title='bbox 1309 962 1408 1005; x_wconf 81' lang='lat' dir='ltr'>inque</span> <span class='ocrx_word' id='word_1_337' title='bbox 1435 962 1628 996; x_wconf 77' lang='lat' dir='ltr'>Societatem</span> <span class='ocrx_word' id='word_1_338' title='bbox 1646 964 1716 996; x_wconf 84' lang='lat' dir='ltr'>lesu</span> <span class='ocrx_word' id='word_1_339' title='bbox 1733 974 1767 996; x_wconf 87' lang='lat' dir='ltr'>se</span> <span class='ocrx_word' id='word_1_340' title='bbox 1787 963 1854 1006; x_wconf 89' lang='lat' dir='ltr'>rapi</span> <span class='ocrx_word' id='word_1_341' title='bbox 1873 975 1946 996; x_wconf 81' lang='lat' dir='ltr'>sen-</span> 
     </span>
     <span class='ocr_line' id='line_1_64' title="bbox 1205 1015 1946 1060; baseline 0.004 -14"><span class='ocrx_word' id='word_1_342' title='bbox 1205 1015 1263 1047; x_wconf 83' lang='lat' dir='ltr'>sit:</span> <span class='ocrx_word' id='word_1_343' title='bbox 1293 1015 1379 1058; x_wconf 86' lang='lat' dir='ltr'>qnod</span> <span class='ocrx_word' id='word_1_344' title='bbox 1406 1016 1491 1048; x_wconf 85' lang='lat' dir='ltr'>enim</span> <span class='ocrx_word' id='word_1_345' title='bbox 1519 1026 1632 1049; x_wconf 79' lang='lat' dir='ltr'>recens</span> <span class='ocrx_word' id='word_1_346' title='bbox 1658 1022 1726 1049; x_wconf 86' lang='lat' dir='ltr'>orta</span> <span class='ocrx_word' id='word_1_347' title='bbox 1753 1016 1880 1060; x_wconf 79' lang='lat' dir='ltr'>religio,</span> <span class='ocrx_word' id='word_1_348' title='bbox 1915 1021 1946 1049; x_wconf 83' lang='lat' dir='ltr'>et</span> 
     </span>
     <span class='ocr_line' id='line_1_65' title="bbox 1205 1068 1945 1112; baseline 0.003 -12"><span class='ocrx_word' id='word_1_349' title='bbox 1205 1069 1242 1101; x_wconf 88' lang='lat' dir='ltr'>ab</span> <span class='ocrx_word' id='word_1_350' title='bbox 1262 1068 1386 1112; x_wconf 75' lang='lat' dir='ltr'>origine</span> <span class='ocrx_word' id='word_1_351' title='bbox 1408 1070 1583 1109; x_wconf 83' lang='lat' dir='ltr'>ardentior,</span> <span class='ocrx_word' id='word_1_352' title='bbox 1605 1071 1700 1112; x_wconf 76' lang='lat' dir='ltr'>vulgo</span> <span class='ocrx_word' id='word_1_353' title='bbox 1721 1070 1818 1103; x_wconf 86' lang='lat' dir='ltr'>etiam</span> <span class='ocrx_word' id='word_1_354' title='bbox 1838 1071 1945 1103; x_wconf 84' lang='lat' dir='ltr'>adbuc</span> 
     </span>
     <span class='ocr_line' id='line_1_66' title="bbox 1205 1122 1945 1166; baseline 0.001 -12"><span class='ocrx_word' id='word_1_355' title='bbox 1205 1122 1316 1164; x_wconf 82' lang='lat' dir='ltr'>ignota</span> <span class='ocrx_word' id='word_1_356' title='bbox 1335 1128 1430 1162; x_wconf 75' lang='lat' dir='ltr'>essct,</span> <span class='ocrx_word' id='word_1_357' title='bbox 1451 1124 1623 1166; x_wconf 84' lang='lat' dir='ltr'>nullusque</span> <span class='ocrx_word' id='word_1_358' title='bbox 1649 1123 1681 1156; x_wconf 91' lang='lat' dir='ltr'>in</span> <span class='ocrx_word' id='word_1_359' title='bbox 1707 1125 1743 1156; x_wconf 72' lang='lat' dir='ltr'>ea</span> <span class='ocrx_word' id='word_1_360' title='bbox 1764 1123 1945 1157; x_wconf 76' lang='lat' dir='ltr'>ambitiosis</span> 
     </span>
     <span class='ocr_line' id='line_1_67' title="bbox 1206 1176 1944 1220; baseline 0.004 -13"><span class='ocrx_word' id='word_1_361' title='bbox 1206 1176 1394 1208; x_wconf 78' lang='lat' dir='ltr'>bominibus</span> <span class='ocrx_word' id='word_1_362' title='bbox 1435 1177 1628 1219; x_wconf 77' lang='lat' dir='ltr'>dignitatum</span> <span class='ocrx_word' id='word_1_363' title='bbox 1668 1177 1758 1210; x_wconf 85' lang='lat' dir='ltr'>locus</span> <span class='ocrx_word' id='word_1_364' title='bbox 1795 1183 1944 1220; x_wconf 86' lang='lat' dir='ltr'>pateret,</span> 
     </span>
     <span class='ocr_line' id='line_1_68' title="bbox 1207 1229 1947 1273; baseline 0.004 -13"><span class='ocrx_word' id='word_1_365' title='bbox 1207 1229 1385 1270; x_wconf 79' lang='lat' dir='ltr'>Francisco,</span> <span class='ocrx_word' id='word_1_366' title='bbox 1412 1241 1556 1263; x_wconf 84' lang='lat' dir='ltr'>summos</span> <span class='ocrx_word' id='word_1_367' title='bbox 1582 1230 1722 1264; x_wconf 83' lang='lat' dir='ltr'>honores</span> <span class='ocrx_word' id='word_1_368' title='bbox 1744 1231 1896 1273; x_wconf 77' lang='lat' dir='ltr'>fugienti,</span> <span class='ocrx_word' id='word_1_369' title='bbox 1916 1242 1947 1263; x_wconf 84' lang='lat' dir='ltr'>a·</span> 
     </span>
     <span class='ocr_line' id='line_1_69' title="bbox 1205 1282 1947 1325; baseline 0.004 -11"><span class='ocrx_word' id='word_1_370' title='bbox 1205 1282 1354 1325; x_wconf 84' lang='lat' dir='ltr'>ptissima</span> <span class='ocrx_word' id='word_1_371' title='bbox 1372 1283 1438 1315; x_wconf 86' lang='lat' dir='ltr'>visa</span> <span class='ocrx_word' id='word_1_372' title='bbox 1453 1288 1511 1316; x_wconf 87' lang='lat' dir='ltr'>est.</span> <span class='ocrx_word' id='word_1_373' title='bbox 1529 1283 1673 1316; x_wconf 86' lang='lat' dir='ltr'>Orationi</span> <span class='ocrx_word' id='word_1_374' title='bbox 1694 1283 1847 1322; x_wconf 84' lang='lat' dir='ltr'>intentus,</span> <span class='ocrx_word' id='word_1_375' title='bbox 1867 1284 1947 1317; x_wconf 73' lang='lat' dir='ltr'>llaec</span> 
     </span>
     <span class='ocr_line' id='line_1_70' title="bbox 1205 1334 1947 1378; baseline 0.003 -11"><span class='ocrx_word' id='word_1_376' title='bbox 1205 1334 1312 1368; x_wconf 88' lang='lat' dir='ltr'>animo</span> <span class='ocrx_word' id='word_1_377' title='bbox 1331 1335 1469 1378; x_wconf 66' lang='lat' dir='ltr'>agitans,</span> <span class='ocrx_word' id='word_1_378' title='bbox 1491 1341 1614 1378; x_wconf 77' lang='lat' dir='ltr'>septem</span> <span class='ocrx_word' id='word_1_379' title='bbox 1637 1341 1720 1369; x_wconf 89' lang='lat' dir='ltr'>totos</span> <span class='ocrx_word' id='word_1_380' title='bbox 1740 1336 1808 1369; x_wconf 87' lang='lat' dir='ltr'>dies</span> <span class='ocrx_word' id='word_1_381' title='bbox 1835 1336 1947 1369; x_wconf 86' lang='lat' dir='ltr'>tiaram</span> 
     </span>
     <span class='ocr_line' id='line_1_71' title="bbox 1205 1388 1948 1432; baseline 0.004 -12"><span class='ocrx_word' id='word_1_382' title='bbox 1205 1388 1301 1432; x_wconf 83' lang='lat' dir='ltr'>capiti</span> <span class='ocrx_word' id='word_1_383' title='bbox 1328 1399 1386 1421; x_wconf 86' lang='lat' dir='ltr'>suo</span> <span class='ocrx_word' id='word_1_384' title='bbox 1414 1389 1633 1422; x_wconf 88' lang='lat' dir='ltr'>imminentem</span> <span class='ocrx_word' id='word_1_385' title='bbox 1661 1390 1798 1432; x_wconf 78' lang='lat' dir='ltr'>aspexit,</span> <span class='ocrx_word' id='word_1_386' title='bbox 1819 1390 1948 1423; x_wconf 87' lang='lat' dir='ltr'>veritus-</span> 
     </span>
     <span class='ocr_line' id='line_1_72' title="bbox 1206 1442 1949 1487; baseline 0.003 -13"><span class='ocrx_word' id='word_1_387' title='bbox 1206 1453 1266 1486; x_wconf 81' lang='lat' dir='ltr'>que</span> <span class='ocrx_word' id='word_1_388' title='bbox 1294 1454 1333 1475; x_wconf 88' lang='lat' dir='ltr'>ne</span> <span class='ocrx_word' id='word_1_389' title='bbox 1359 1442 1523 1476; x_wconf 79' lang='lat' dir='ltr'>Ecclesiae</span> <span class='ocrx_word' id='word_1_390' title='bbox 1556 1443 1747 1485; x_wconf 74' lang='lat' dir='ltr'>dignitatem</span> <span class='ocrx_word' id='word_1_391' title='bbox 1779 1444 1949 1487; x_wconf 86' lang='lat' dir='ltr'>portende-</span> 
     </span>
     <span class='ocr_line' id='line_1_73' title="bbox 1206 1496 1945 1538; baseline 0.003 -10"><span class='ocrx_word' id='word_1_392' title='bbox 1206 1502 1264 1535; x_wconf 83' lang='lat' dir='ltr'>ret,</span> <span class='ocrx_word' id='word_1_393' title='bbox 1291 1497 1389 1529; x_wconf 76' lang='lat' dir='ltr'>Deum</span> <span class='ocrx_word' id='word_1_394' title='bbox 1415 1496 1508 1529; x_wconf 76' lang='lat' dir='ltr'>enixe</span> <span class='ocrx_word' id='word_1_395' title='bbox 1535 1496 1692 1529; x_wconf 83' lang='lat' dir='ltr'>obtestari</span> <span class='ocrx_word' id='word_1_396' title='bbox 1719 1507 1784 1530; x_wconf 90' lang='lat' dir='ltr'>non</span> <span class='ocrx_word' id='word_1_397' title='bbox 1811 1497 1945 1538; x_wconf 86' lang='lat' dir='ltr'>destitit,</span> 
     </span>
     <span class='ocr_line' id='line_1_74' title="bbox 1206 1549 1948 1593; baseline 0.001 -11"><span class='ocrx_word' id='word_1_398' title='bbox 1206 1561 1244 1583; x_wconf 86' lang='lat' dir='ltr'>ne</span> <span class='ocrx_word' id='word_1_399' title='bbox 1271 1549 1422 1589; x_wconf 76' lang='lat' dir='ltr'>bonores,</span> <span class='ocrx_word' id='word_1_400' title='bbox 1456 1560 1535 1592; x_wconf 86' lang='lat' dir='ltr'>quos</span> <span class='ocrx_word' id='word_1_401' title='bbox 1568 1550 1712 1593; x_wconf 80' lang='lat' dir='ltr'>sugeret,</span> <span class='ocrx_word' id='word_1_402' title='bbox 1740 1550 1816 1583; x_wconf 90' lang='lat' dir='ltr'>alibi</span> <span class='ocrx_word' id='word_1_403' title='bbox 1847 1549 1948 1584; x_wconf 82' lang='lat' dir='ltr'>otl&#39;en-</span> 
     </span>
     <span class='ocr_line' id='line_1_75' title="bbox 1206 1604 1948 1638; baseline 0 -1"><span class='ocrx_word' id='word_1_404' title='bbox 1206 1604 1310 1637; x_wconf 84' lang='lat' dir='ltr'>deret.</span> <span class='ocrx_word' id='word_1_405' title='bbox 1339 1604 1411 1637; x_wconf 89' lang='lat' dir='ltr'>Post</span> <span class='ocrx_word' id='word_1_406' title='bbox 1438 1604 1605 1637; x_wconf 73' lang='lat' dir='ltr'>defunctos</span> <span class='ocrx_word' id='word_1_407' title='bbox 1632 1604 1712 1637; x_wconf 87' lang='lat' dir='ltr'>duos</span> <span class='ocrx_word' id='word_1_408' title='bbox 1739 1604 1854 1637; x_wconf 80' lang='lat' dir='ltr'>fratres</span> <span class='ocrx_word' id='word_1_409' title='bbox 1873 1614 1948 1638; x_wconf 85' lang='lat' dir='ltr'>suos</span> 
     </span>
     <span class='ocr_line' id='line_1_76' title="bbox 1206 1657 1948 1697; baseline 0.001 -8"><span class='ocrx_word' id='word_1_410' title='bbox 1206 1657 1237 1690; x_wconf 83' lang='lat' dir='ltr'>S.</span> <span class='ocrx_word' id='word_1_411' title='bbox 1254 1657 1289 1689; x_wconf 78' lang='lat' dir='ltr'>R.</span> <span class='ocrx_word' id='word_1_412' title='bbox 1305 1657 1338 1689; x_wconf 88' lang='lat' dir='ltr'>E.</span> <span class='ocrx_word' id='word_1_413' title='bbox 1360 1657 1553 1697; x_wconf 81' lang='lat' dir='ltr'>cardinales,</span> <span class='ocrx_word' id='word_1_414' title='bbox 1573 1667 1643 1690; x_wconf 88' lang='lat' dir='ltr'>cnm</span> <span class='ocrx_word' id='word_1_415' title='bbox 1663 1657 1808 1690; x_wconf 87' lang='lat' dir='ltr'>eamdem</span> <span class='ocrx_word' id='word_1_416' title='bbox 1824 1667 1948 1690; x_wconf 89' lang='lat' dir='ltr'>sacram</span> 
     </span>
     <span class='ocr_line' id='line_1_77' title="bbox 1207 1710 1948 1754; baseline 0.001 -12"><span class='ocrx_word' id='word_1_417' title='bbox 1207 1710 1397 1753; x_wconf 79' lang='lat' dir='ltr'>dignitatem</span> <span class='ocrx_word' id='word_1_418' title='bbox 1425 1721 1483 1754; x_wconf 85' lang='lat' dir='ltr'>per</span> <span class='ocrx_word' id='word_1_419' title='bbox 1501 1715 1719 1744; x_wconf 74' lang='lat' dir='ltr'>antecessores</span> <span class='ocrx_word' id='word_1_420' title='bbox 1742 1713 1869 1744; x_wconf 84' lang='lat' dir='ltr'>nostros</span> <span class='ocrx_word' id='word_1_421' title='bbox 1887 1710 1948 1743; x_wconf 80' lang='lat' dir='ltr'>Ro-</span> 
     </span>
     <span class='ocr_line' id='line_1_78' title="bbox 1206 1764 1949 1798; baseline 0.001 -1"><span class='ocrx_word' id='word_1_422' title='bbox 1206 1774 1319 1798; x_wconf 86' lang='lat' dir='ltr'>manos</span> <span class='ocrx_word' id='word_1_423' title='bbox 1334 1764 1506 1797; x_wconf 71' lang='lat' dir='ltr'>Pontifices</span> <span class='ocrx_word' id='word_1_424' title='bbox 1526 1765 1613 1798; x_wconf 89' lang='lat' dir='ltr'>ultro</span> <span class='ocrx_word' id='word_1_425' title='bbox 1631 1764 1772 1797; x_wconf 89' lang='lat' dir='ltr'>oblatam</span> <span class='ocrx_word' id='word_1_426' title='bbox 1791 1765 1830 1798; x_wconf 87' lang='lat' dir='ltr'>ab</span> <span class='ocrx_word' id='word_1_427' title='bbox 1845 1775 1879 1798; x_wconf 86' lang='lat' dir='ltr'>se</span> <span class='ocrx_word' id='word_1_428' title='bbox 1899 1775 1949 1798; x_wconf 86' lang='lat' dir='ltr'>re-</span> 
     </span>
     <span class='ocr_line' id='line_1_79' title="bbox 1207 1817 1948 1862; baseline 0 -11"><span class='ocrx_word' id='word_1_429' title='bbox 1207 1819 1363 1862; x_wconf 87' lang='lat' dir='ltr'>pulisset,</span> <span class='ocrx_word' id='word_1_430' title='bbox 1393 1819 1472 1851; x_wconf 78' lang='lat' dir='ltr'>tiara</span> <span class='ocrx_word' id='word_1_431' title='bbox 1496 1819 1551 1852; x_wconf 82' lang='lat' dir='ltr'>illa</span> <span class='ocrx_word' id='word_1_432' title='bbox 1576 1817 1754 1862; x_wconf 81' lang='lat' dir='ltr'>Propositi¹</span> <span class='ocrx_word' id='word_1_433' title='bbox 1781 1829 1897 1852; x_wconf 87' lang='lat' dir='ltr'>munus</span> <span class='ocrx_word' id='word_1_434' title='bbox 1915 1819 1948 1851; x_wconf 90' lang='lat' dir='ltr'>in</span> 
     </span>
     <span class='ocr_line' id='line_1_80' title="bbox 1207 1872 1950 1916; baseline 0 -11"><span class='ocrx_word' id='word_1_435' title='bbox 1207 1874 1297 1905; x_wconf 77' lang='lat' dir='ltr'>saera</span> <span class='ocrx_word' id='word_1_436' title='bbox 1323 1874 1379 1905; x_wconf 73' lang='lat' dir='ltr'>sua</span> <span class='ocrx_word' id='word_1_437' title='bbox 1407 1873 1529 1905; x_wconf 78' lang='lat' dir='ltr'>familia</span> <span class='ocrx_word' id='word_1_438' title='bbox 1555 1872 1728 1905; x_wconf 86' lang='lat' dir='ltr'>indicatum</span> <span class='ocrx_word' id='word_1_439' title='bbox 1761 1877 1871 1916; x_wconf 86' lang='lat' dir='ltr'>postea</span> <span class='ocrx_word' id='word_1_440' title='bbox 1897 1882 1950 1905; x_wconf 92' lang='lat' dir='ltr'>co-</span> 
     </span>
     <span class='ocr_line' id='line_1_81' title="bbox 1208 1926 1950 1970; baseline -0.001 -10"><span class='ocrx_word' id='word_1_441' title='bbox 1208 1927 1331 1970; x_wconf 77' lang='lat' dir='ltr'>gnovit.</span> <span class='ocrx_word' id='word_1_442' title='bbox 1360 1926 1471 1959; x_wconf 72' lang='lat' dir='ltr'>Adbuc</span> <span class='ocrx_word' id='word_1_443' title='bbox 1506 1926 1648 1959; x_wconf 85' lang='lat' dir='ltr'>Gandiae</span> <span class='ocrx_word' id='word_1_444' title='bbox 1675 1926 1737 1959; x_wconf 88' lang='lat' dir='ltr'>dux</span> <span class='ocrx_word' id='word_1_445' title='bbox 1763 1937 1823 1970; x_wconf 87' lang='lat' dir='ltr'>per</span> <span class='ocrx_word' id='word_1_446' title='bbox 1848 1926 1950 1960; x_wconf 81' lang='lat' dir='ltr'>felicis</span> 
     </span>
     <span class='ocr_line' id='line_1_82' title="bbox 1208 1979 1951 2023; baseline -0.001 -11"><span class='ocrx_word' id='word_1_447' title='bbox 1208 1979 1445 2013; x_wconf 84' lang='lat' dir='ltr'>recordationis</span> <span class='ocrx_word' id='word_1_448' title='bbox 1473 1980 1603 2012; x_wconf 90' lang='lat' dir='ltr'>Paulum</span> <span class='ocrx_word' id='word_1_449' title='bbox 1633 1979 1751 2023; x_wconf 85' lang='lat' dir='ltr'>Papam</span> <span class='ocrx_word' id='word_1_450' title='bbox 1778 1979 1816 2012; x_wconf 87' lang='grc' dir='ltr'>ΙΙΙ</span> <span class='ocrx_word' id='word_1_451' title='bbox 1842 1979 1951 2013; x_wconf 86' lang='lat' dir='ltr'>deces-</span> 
     </span>
     <span class='ocr_line' id='line_1_83' title="bbox 1207 2033 1948 2076; baseline -0.001 -9"><span class='ocrx_word' id='word_1_452' title='bbox 1207 2044 1315 2067; x_wconf 85' lang='lat' dir='ltr'>sorem</span> <span class='ocrx_word' id='word_1_453' title='bbox 1343 2038 1499 2073; x_wconf 75' lang='lat' dir='ltr'>nostrum,</span> <span class='ocrx_word' id='word_1_454' title='bbox 1528 2033 1562 2066; x_wconf 74' lang='lat' dir='ltr'>R.</span> <span class='ocrx_word' id='word_1_455' title='bbox 1586 2033 1710 2076; x_wconf 74' lang='lat' dir='ltr'>ignatio</span> <span class='ocrx_word' id='word_1_456' title='bbox 1737 2033 1948 2076; x_wconf 74' lang='lat' dir='ltr'>deprecante,</span> 
     </span>
     <span class='ocr_line' id='line_1_84' title="bbox 1209 2086 1951 2129; baseline 0 -10"><span class='ocrx_word' id='word_1_457' title='bbox 1209 2087 1389 2129; x_wconf 79' lang='lat' dir='ltr'>permissus</span> <span class='ocrx_word' id='word_1_458' title='bbox 1417 2092 1482 2126; x_wconf 86' lang='lat' dir='ltr'>est,</span> <span class='ocrx_word' id='word_1_459' title='bbox 1502 2092 1553 2125; x_wconf 88' lang='lat' dir='ltr'>ut,</span> <span class='ocrx_word' id='word_1_460' title='bbox 1581 2086 1692 2129; x_wconf 85' lang='lat' dir='ltr'>paucis</span> <span class='ocrx_word' id='word_1_461' title='bbox 1719 2087 1877 2127; x_wconf 84' lang='lat' dir='ltr'>consciis,</span> <span class='ocrx_word' id='word_1_462' title='bbox 1902 2097 1951 2119; x_wconf 90' lang='lat' dir='ltr'>re-</span> 
     </span>
     <span class='ocr_line' id='line_1_85' title="bbox 1209 2139 1949 2182; baseline 0 -9"><span class='ocrx_word' id='word_1_463' title='bbox 1209 2140 1324 2182; x_wconf 74' lang='lat' dir='ltr'>ligiosa</span> <span class='ocrx_word' id='word_1_464' title='bbox 1351 2144 1420 2172; x_wconf 82' lang='lat' dir='ltr'>vota</span> <span class='ocrx_word' id='word_1_465' title='bbox 1447 2145 1660 2182; x_wconf 73' lang='lat' dir='ltr'>nuncuparet.</span> <span class='ocrx_word' id='word_1_466' title='bbox 1683 2139 1949 2181; x_wconf 71' lang='lat' dir='ltr'>Quadi-tenuium,</span> 
     </span>
     <span class='ocr_line' id='line_1_86' title="bbox 1210 2186 1951 2237; baseline 0.001 -12"><span class='ocrx_word' id='word_1_467' title='bbox 1210 2193 1306 2226; x_wconf 87' lang='lat' dir='ltr'>rebus</span> <span class='ocrx_word' id='word_1_468' title='bbox 1321 2193 1388 2225; x_wconf 82' lang='lat' dir='ltr'>suis</span> <span class='ocrx_word' id='word_1_469' title='bbox 1408 2192 1645 2236; x_wconf 77' lang='lat' dir='ltr'>componendis</span> <span class='ocrx_word' id='word_1_470' title='bbox 1661 2204 1677 2225; x_wconf 89' lang='lat' dir='ltr'>a</span> <span class='ocrx_word' id='word_1_471' title='bbox 1689 2186 1846 2226; x_wconf 76' lang='lat' dir='ltr'>l’ontiiice</span> <span class='ocrx_word' id='word_1_472' title='bbox 1862 2203 1951 2237; x_wconf 87' lang='lat' dir='ltr'>prae·</span> 
     </span>
     <span class='ocr_line' id='line_1_87' title="bbox 1209 2245 1951 2289; baseline 0.001 -11"><span class='ocrx_word' id='word_1_473' title='bbox 1209 2245 1342 2284; x_wconf 85' lang='lat' dir='ltr'>tinitum,</span> <span class='ocrx_word' id='word_1_474' title='bbox 1363 2245 1541 2289; x_wconf 82' lang='lat' dir='ltr'>disciplinis</span> <span class='ocrx_word' id='word_1_475' title='bbox 1567 2245 1768 2288; x_wconf 77' lang='lat' dir='ltr'>gravioribus</span> <span class='ocrx_word' id='word_1_476' title='bbox 1787 2256 1877 2279; x_wconf 84' lang='lat' dir='ltr'>sacro</span> <span class='ocrx_word' id='word_1_477' title='bbox 1896 2246 1951 2279; x_wconf 86' lang='lat' dir='ltr'>ho-</span> 
     </span>
     <span class='ocr_line' id='line_1_88' title="bbox 1208 2298 1951 2342; baseline 0 -10"><span class='ocrx_word' id='word_1_478' title='bbox 1208 2298 1294 2332; x_wconf 88' lang='lat' dir='ltr'>mine</span> <span class='ocrx_word' id='word_1_479' title='bbox 1320 2299 1426 2342; x_wconf 79' lang='lat' dir='ltr'>dignis</span> <span class='ocrx_word' id='word_1_480' title='bbox 1453 2299 1609 2341; x_wconf 75' lang='lat' dir='ltr'>singulari</span> <span class='ocrx_word' id='word_1_481' title='bbox 1636 2298 1794 2332; x_wconf 79' lang='lat' dir='ltr'>modestia</span> <span class='ocrx_word' id='word_1_482' title='bbox 1819 2298 1951 2342; x_wconf 84' lang='lat' dir='ltr'>publice</span> 
     </span>
     <span class='ocr_line' id='line_1_89' title="bbox 1208 2352 1950 2396; baseline -0.001 -10"><span class='ocrx_word' id='word_1_483' title='bbox 1208 2353 1434 2396; x_wconf 85' lang='lat' dir='ltr'>perdiscendis</span> <span class='ocrx_word' id='word_1_484' title='bbox 1451 2352 1617 2396; x_wconf 76' lang='lat' dir='ltr'>impendit,</span> <span class='ocrx_word' id='word_1_485' title='bbox 1630 2362 1694 2395; x_wconf 75' lang='lat' dir='ltr'>quo</span> <span class='ocrx_word' id='word_1_486' title='bbox 1710 2352 1828 2394; x_wconf 86' lang='lat' dir='ltr'>elapso,</span> <span class='ocrx_word' id='word_1_487' title='bbox 1844 2357 1876 2384; x_wconf 88' lang='lat' dir='ltr'>et</span> <span class='ocrx_word' id='word_1_488' title='bbox 1890 2362 1950 2395; x_wconf 87' lang='lat' dir='ltr'>per</span> 
     </span>
     <span class='ocr_line' id='line_1_90' title="bbox 1209 2405 1950 2448; baseline 0.001 -10"><span class='ocrx_word' id='word_1_489' title='bbox 1209 2406 1311 2440; x_wconf 74' lang='lat' dir='ltr'>felicis</span> <span class='ocrx_word' id='word_1_490' title='bbox 1344 2405 1578 2439; x_wconf 79' lang='lat' dir='ltr'>re‹.·0rdationis</span> <span class='ocrx_word' id='word_1_491' title='bbox 1616 2405 1731 2438; x_wconf 90' lang='lat' dir='ltr'>lulium</span> <span class='ocrx_word' id='word_1_492' title='bbox 1765 2405 1883 2448; x_wconf 85' lang='lat' dir='ltr'>Papam</span> <span class='ocrx_word' id='word_1_493' title='bbox 1911 2405 1950 2439; x_wconf 86' lang='lat'>111</span> 
     </span>
     <span class='ocr_line' id='line_1_91' title="bbox 1208 2457 1951 2499; baseline -0.001 -7"><span class='ocrx_word' id='word_1_494' title='bbox 1208 2470 1292 2492; x_wconf 88' lang='lat' dir='ltr'>anno</span> <span class='ocrx_word' id='word_1_495' title='bbox 1319 2459 1452 2491; x_wconf 69' lang='lat' dir='ltr'>inliilaei</span> <span class='ocrx_word' id='word_1_496' title='bbox 1475 2458 1666 2492; x_wconf 75' lang='lat' dir='ltr'>Christianis</span> <span class='ocrx_word' id='word_1_497' title='bbox 1693 2457 1824 2499; x_wconf 83' lang='lat' dir='ltr'>indicto,</span> <span class='ocrx_word' id='word_1_498' title='bbox 1851 2457 1951 2492; x_wconf 84' lang='lat' dir='ltr'>Fran-</span> 
     </span>
    </p>
   </div>
   <div class='ocr_carea' id='block_1_10' title="bbox 1208 2528 1951 2610">
    <p class='ocr_par' dir='ltr' id='par_1_10' title="bbox 1208 2528 1951 2610">
     <span class='ocr_line' id='line_1_92' title="bbox 1244 2528 1951 2565; baseline -0.001 -8"><span class='ocrx_word' id='word_1_499' title='bbox 1244 2532 1253 2557; x_wconf 84' lang='grc'>1</span> <span class='ocrx_word' id='word_1_500' title='bbox 1278 2530 1329 2556; x_wconf 87' lang='lat' dir='ltr'>Seu</span> <span class='ocrx_word' id='word_1_501' title='bbox 1351 2530 1523 2564; x_wconf 66' lang='lat' dir='ltr'>Praepositi,</span> <span class='ocrx_word' id='word_1_502' title='bbox 1545 2537 1604 2556; x_wconf 84' lang='lat' dir='ltr'>nam</span> <span class='ocrx_word' id='word_1_503' title='bbox 1626 2533 1718 2564; x_wconf 87' lang='lat' dir='ltr'>postea</span> <span class='ocrx_word' id='word_1_504' title='bbox 1739 2528 1789 2556; x_wconf 82' lang='lat' dir='ltr'>suit</span> <span class='ocrx_word' id='word_1_505' title='bbox 1809 2528 1951 2565; x_wconf 84' lang='lat' dir='ltr'>Praeposi-</span> 
     </span>
     <span class='ocr_line' id='line_1_93' title="bbox 1208 2573 1749 2610; baseline -0.004 -9"><span class='ocrx_word' id='word_1_506' title='bbox 1208 2579 1248 2602; x_wconf 89' lang='lat' dir='ltr'>tus</span> <span class='ocrx_word' id='word_1_507' title='bbox 1263 2574 1398 2610; x_wconf 75' lang='lat' dir='ltr'>generalis</span> <span class='ocrx_word' id='word_1_508' title='bbox 1414 2573 1559 2601; x_wconf 78' lang='lat' dir='ltr'>Societatis</span> <span class='ocrx_word' id='word_1_509' title='bbox 1575 2573 1634 2600; x_wconf 82' lang='lat' dir='ltr'>lesu</span> <span class='ocrx_word' id='word_1_510' title='bbox 1652 2574 1687 2608; x_wconf 66' lang='lat' dir='ltr'>(a.</span> <span class='ocrx_word' id='word_1_511' title='bbox 1700 2574 1749 2607; x_wconf 78' lang='grc' dir='ltr'>Τ.).</span> 
     </span>
    </p>
   </div>
   <div class='ocr_carea' id='block_1_11' title="bbox 1950 170 2132 199">
    <p class='ocr_par' dir='ltr' id='par_1_11' title="bbox 1950 170 2132 199">
     <span class='ocr_line' id='line_1_94' title="bbox 1950 170 2132 199; baseline 0.011 -2"><span class='ocrx_word' id='word_1_512' title='bbox 1950 170 1997 197; x_wconf 83' lang='lat' dir='ltr'>An.</span> <span class='ocrx_word' id='word_1_513' title='bbox 2019 171 2049 198; x_wconf 85' lang='lat' dir='ltr'>C.</span> <span class='ocrx_word' id='word_1_514' title='bbox 2066 172 2132 199; x_wconf 69' lang='lat'>¹72⁴</span> 
     </span>
    </p>
   </div>
  </div>
 </body>
</html>
