2170 3147
26 233 72 258 An.
94 229 122 256 C.
140 229 207 256 ¹726

22 706 204 754 maiatlas&
278 747 284 753 .
320 747 324 752 .
412 747 416 752 .
852 745 857 751 .
887 746 892 751 .

22 746 480 805 IJRI²25⁰25³33Chffi‘ffidehbus
499 747 539 779 ob
559 752 705 788 receptas
724 747 773 779 vel
795 756 951 788 recipien-

22 812 98 832 cultus.

49 1915 104 1935 Inter
119 1916 203 1935 sanctus

23 1942 64 1961 mu
75 1942 160 1962 solemni
172 1947 204 1962 re⁷

23 1967 95 1988 fertur.

795 229 989 252 ntileDmTt's
1015 229 1071 252 'XIII
1098 230 1145 252 I‘P.

195 279 331 318 niagna
362 276 544 319 frequentia
575 276 719 319 undique
751 276 954 309 adcurrenti-

215 330 287 369 bus,
312 333 424 371 portae
443 329 532 371 ipsae
554 328 690 361 civitatis
715 334 812 361 noctu
837 328 953 367 claudi,

215 386 247 414 et
264 391 374 413 sacrae
396 381 539 419 exuviae,
558 391 688 413 suavem
708 381 843 413 odorem
865 380 953 412 cmit-

216 437 327 471 tentes‚
347 432 407 464 nisi
426 438 500 475 post
522 433 642 465 multos
660 432 727 464 dies
745 437 848 464 terrae
867 442 954 464 man-

216 485 286 517 dari
316 485 533 528 nequiverint.
562 485 626 518 Nec
651 485 731 518 illud
770 485 951 523 silendum,

216 548 327 577 caeco,
347 538 385 570 ad
403 538 491 570 Beati
516 538 574 569 viri
602 537 772 570 seretrum¹
798 548 855 580 per
873 537 952 569 den-

215 601 282 623 sam
299 590 540 623 multitudinem
568 590 722 633 irrepenti
735 616 742 629 ,
761 589 861 622 visum
880 599 952 621 cae-

215 643 290 675 litus
314 642 511 675 restitutum.

259 696 273 737 §
297 695 329 727 4.
356 694 559 737 Quapropter
576 695 614 727 ad
633 693 690 726 viri
716 694 770 726 Dei
795 695 949 726 tumultur

215 801 271 833 das
296 801 365 833 eius
398 800 632 833 intercessione
659 811 675 832 a
701 810 825 832 summo
851 799 952 831 bono-

215 863 285 885 rum
311 853 453 886 omnium
479 853 632 895 largitore
666 852 786 895 gratias
824 851 951 883 assidue

214 907 449 939 confluentibus
465 933 472 947 ,
496 907 554 939 sub
589 906 690 939 felicis
715 905 951 939 recordationis

213 959 466 1001 praedecessore
491 964 602 991 nostro
629 959 726 992 Paulo
752 958 836 1000 Papa
861 957 882 987 V
913 957 951 989 de

213 1011 378 1054 Peregrini
403 1011 582 1051 sanctitate,
609 1010 774 1044 miraculis
796 1015 827 1042 et
850 1010 951 1042 veteri

214 1064 301 1096 cultu
327 1069 430 1096 actum
456 1070 520 1103 est,
552 1075 618 1096 rem
645 1070 744 1096 totam
770 1068 952 1105 exponente

212 1115 267 1148 Dei
293 1126 386 1148 servo
408 1115 550 1149 Roberto
568 1116 599 1148 S.
621 1116 658 1148 R.
681 1116 714 1148 E.
736 1115 817 1148 tituli
837 1116 869 1148 Β.
891 1115 950 1147 Ma-

212 1168 279 1201 riae
305 1168 337 1200 in
362 1168 417 1200 Via
442 1168 634 1212 presbytero
655 1168 811 1200 cardinali
831 1168 953 1200 Bellar-

214 1220 302 1253 mino
329 1226 539 1263 nuncupato,
567 1221 666 1263 inque
699 1220 867 1262 Peregrini
895 1220 952 1252 lio-

214 1284 348 1312 norem,
376 1274 414 1306 de
440 1274 508 1306 eius
544 1274 650 1307 officio
683 1274 715 1306 in
753 1273 897 1306 ecclesiis
923 1279 954 1305 et

214 1326 383 1359 coenobiis
411 1326 506 1360 totius
538 1327 680 1360 familiae
705 1328 877 1360 Servorum
904 1337 954 1359 re-

215 1379 358 1418 citando,
386 1380 490 1423 deque
517 1380 585 1412 eius
611 1380 744 1413 nomine
772 1380 803 1412 in
831 1380 954 1412 tabulas

215 1432 439 1475 martyrologii
457 1432 581 1465 romani
602 1433 785 1472 referendo,
806 1433 865 1465 rite
884 1443 954 1465 san-

214 1485 311 1518 citum
338 1490 398 1518 est.
425 1485 643 1525 Postmodum,
662 1486 797 1518 sedente
816 1485 879 1518 allo
901 1495 954 1517 an-

214 1543 374 1571 tecessore
407 1544 518 1571 nostro
551 1538 652 1571 felicis
691 1538 869 1571 memoriae
896 1538 955 1570 Ur-

213 1590 298 1624 bano
324 1591 409 1633 Papa
434 1590 506 1629 VIII,
534 1591 666 1623 eaedem
685 1591 852 1633 Peregrini
879 1602 955 1623 exu-

215 1644 285 1676 viae
310 1643 530 1686 corruptionis
558 1648 715 1685 expertes,
736 1654 771 1675 ex
795 1644 895 1676 veteri
923 1644 952 1676 in

214 1707 333 1729 novum
351 1701 448 1738 atque
470 1695 574 1738 aptius
601 1697 754 1728 sacellum
776 1699 953 1739 permagna

215 1749 312 1782 totius
353 1749 489 1781 civitatis
529 1749 740 1782 veneratione
782 1751 955 1782 translatae

215 1807 310 1841 sunt,
336 1801 404 1833 eius
436 1801 542 1834 ofl'icio
581 1802 638 1834 sub
664 1801 725 1833 ritu
751 1801 870 1843 duplici
899 1802 953 1834 toti

215 1854 326 1887 Ordini
352 1854 524 1887 Servorum
552 1854 679 1886 recitari
706 1855 880 1896 permisso.

259 1907 273 1949 g
291 1907 321 1939 5.
346 1907 475 1939 Eximiis
490 1907 608 1939 deiude
627 1912 657 1939 et
677 1917 750 1939 vere
768 1907 956 1939 christianis

216 1959 384 2002 Peregrini
410 1960 580 1992 virtutihus
612 1959 670 1991 sub
703 1959 775 1991 aliis
800 1959 955 1992 Romanis

214 2012 427 2045 Pontificibus
462 2011 800 2055 praedecessoribus²
836 2012 955 2044 nostris

215 2064 403 2097 Innocentio
426 2064 478 2095 XII
503 2069 534 2096 ct
559 2064 726 2096 Clemente
757 2064 794 2095 >11
831 2065 870 2096 ad
905 2075 956 2096 ca-

216 2118 350 2150 nonicas
372 2117 529 2149 maiorum
552 2117 734 2149 sanctiones
761 2116 952 2156 discussis³,

215 2170 370 2202 miracula
392 2169 488 2201 etiam
516 2174 588 2211 post
606 2179 793 2200 concessam
820 2169 877 2200 viri
901 2169 954 2201 Dei

216 2223 255 2254 al)
272 2222 455 2264 Apostolica
473 2221 555 2253 Srde
577 2220 820 2253 venerationem
843 2227 876 2253 et
893 2223 956 2254 cul—

217 2279 438 2317 tumpatrata,
455 2274 485 2305 in
508 2284 642 2306 examen
669 2284 727 2316 per
752 2274 955 2306 venerabiles

217 2328 333 2360 fratres
350 2331 478 2359 nostros
495 2326 526 2359 S.
544 2326 580 2358 R.
597 2326 631 2358 Ε.
648 2326 827 2358 cardinales
846 2336 955 2358 coram

216 2380 312 2413 nobis
332 2380 369 2412 de
392 2390 479 2412 more
508 2379 644 2411 adducta
663 2379 813 2411 suerunt:
840 2379 955 2421 quibus

217 2433 317 2466 veteri
336 2432 530 2475 disciplinae
548 2442 608 2474 per
628 2431 736 2464 omnia
755 2431 955 2473 respondere

254 2514 262 2538 1
287 2512 332 2538 Sic
352 2511 416 2537 edit.
439 2510 537 2543 Maia,
559 2509 648 2536 forsan
668 2510 811 2543 feretrum
832 2509 868 2545 (n.
882 2510 930 2544 T.).

251 2556 268 2582 2
288 2555 385 2582 Vocem
402 2554 671 2589 praedecessoribus
691 2553 816 2580 addimus
831 2554 869 2588 (n.
886 2555 935 2588 T.).

251 2599 268 2626 3
287 2599 353 2626 lllale
373 2598 436 2626 edit.
457 2598 537 2625 Main.
559 2598 623 2633 legit
643 2597 762 2625 discussi
783 2601 821 2631 (R.
837 2598 886 2633 T.).

1631 219 1694 250 479

996 277 1191 320 compertis,
1220 277 1319 320 inque
1346 277 1446 309 tribus
1471 275 1675 309 consistoriis
1702 281 1734 307 et

996 330 1144 371 plenario
1162 334 1318 362 conventu
1346 329 1537 362 eorumdem
1563 327 1734 360 venerabi-

995 381 1073 413 lium
1099 382 1231 413 fratrum
1258 387 1443 414 nostrorum
1461 381 1492 414 S.
1517 381 1552 413 R.
1576 381 1610 413 Ε.
1631 379 1733 412 cardi-

994 433 1116 465 nalium
1140 439 1237 476 atque
1264 434 1358 466 etiam
1395 433 1663 476 patriarcharum,
1683 442 1733 464 ar-

995 486 1278 528 chiepiscoporum
1307 492 1338 518 et
1362 487 1592 528 episcoporum
1622 484 1733 517 uobis-

995 548 1064 570 cum
1085 538 1116 570 in
1137 538 1222 571 Urbe
1244 539 1462 581 praesentium
1489 539 1549 571 rite
1575 537 1732 581 probatis,

995 591 1140 623 unanimi
1167 592 1352 623 corumdem
1373 591 1532 623 sententia
1559 601 1617 634 per
1641 590 1733 622 Sedis

995 644 1200 686 Apostolicae
1227 644 1370 677 notarios
1390 654 1497 676 coram
1524 643 1617 676 nobis
1643 652 1733 674 exce-

995 697 1059 738 pta,
1075 706 1254 738 regumque
1280 706 1316 728 ac
1341 696 1525 739 principum
1544 694 1734 728 christiano-

995 759 1064 780 rum
1083 774 1090 787 ‚
1111 749 1250 780 civitatis
1276 748 1454 787 Liviensis,
1485 753 1580 791 atque
1605 747 1734 779 Ordinis

995 800 1166 833 Servorum
1186 800 1287 833 enixis
1309 801 1461 843 precibus
1479 811 1536 843 pro
1557 800 1734 841 Peregrino

996 853 1027 885 in
1059 858 1247 885 sanctorum
1273 853 1492 885 consessorum
1518 862 1581 884 non
1608 851 1734 894 pontisi-

996 916 1068 937 enm
1085 915 1242 937 canonem
1267 905 1440 937 referendo
1458 904 1662 947 Apostolicae
1680 903 1735 936 Se-

996 956 1044 991 di¹
1064 958 1232 1001 porrectis,
1253 962 1361 990 tantae
1384 957 1429 990 rei
1451 957 1669 1000 perficiendae
1684 967 1735 989 so-

996 1012 1137 1044 lemnem
1157 1010 1241 1043 diem
1267 1009 1452 1049 indiximus,
1470 1020 1595 1052 perque
1617 1009 1735 1041 oralio-

996 1074 1063 1103 nes,
1080 1062 1200 1095 ieiunia
1218 1067 1249 1094 et
1262 1063 1487 1104 eleemosynas
1502 1060 1734 1104 omnipotentis

996 1115 1049 1148 Dei
1085 1126 1181 1158 opem
1219 1115 1455 1147 ferventissime
1481 1114 1734 1157 imploravimus,

997 1175 1028 1201 et
1052 1168 1220 1211 implorari
1258 1167 1490 1200 mandavimus.
1528 1167 1570 1200 Ac
1605 1167 1735 1200 tandem

995 1221 1163 1260 universis,
1184 1232 1265 1264 quae
1283 1232 1319 1254 cx
1342 1227 1584 1254 antecessorum
1609 1225 1736 1253 nostro-

998 1286 1067 1306 rum
1111 1275 1327 1307 Romanorum
1369 1273 1560 1306 Pontificum
1597 1273 1735 1305 decretis

997 1328 1121 1369 agenda
1146 1332 1258 1367 erant,
1287 1327 1375 1359 omni
1397 1326 1554 1369 religione
1580 1326 1733 1370 peractis,

997 1391 1054 1413 nos
1073 1381 1135 1413 hoc
1153 1380 1205 1412 die
1232 1380 1314 1413 festo
1340 1379 1424 1413 beati
1447 1379 1575 1413 loannis
1596 1379 1735 1422 apostoli

997 1439 1027 1467 et
1045 1433 1273 1475 evangelistae,
1293 1434 1355 1465 una
1380 1443 1451 1464 cum
1473 1432 1586 1464 iisdem
1606 1442 1736 1464 venera-

997 1487 1117 1519 bilibus
1144 1486 1299 1518 fratribus
1325 1485 1444 1518 nostris
1465 1485 1495 1518 S.
1519 1485 1556 1517 R.
1578 1484 1610 1517 E.
1632 1484 1737 1517 cardi-

998 1540 1144 1578 nalibus,
1170 1537 1385 1581 patriarchis,
1423 1537 1681 1580 archiepiscopis
1706 1541 1737 1568 et

998 1592 1160 1635 episcopis
1188 1602 1225 1623 ac
1262 1591 1429 1634 utriusque
1465 1590 1544 1623 cleri
1570 1595 1600 1622 et
1625 1590 1735 1632 populi

1000 1643 1195 1687 frequentia,
1223 1643 1254 1675 in
1295 1647 1533 1675 sacrosanctam
1573 1642 1737 1674 basilicam

998 1696 1156 1739 Principis
1182 1697 1407 1739 apostolorum
1426 1696 1492 1728 Deo
1516 1694 1737 1738 supplicantes

999 1749 1226 1787 convenimus,
1246 1749 1310 1788 ubi,
1329 1750 1440 1787 semel,
1457 1749 1570 1781 iterum
1593 1753 1624 1780 et
1643 1747 1736 1780 tertio

999 1813 1057 1845 pro
1084 1803 1178 1835 beato
1197 1801 1373 1843 Peregrino
1395 1812 1411 1833 a
1429 1800 1581 1834 Forolivii
1612 1811 1648 1833 ex
1681 1800 1738 1833 Or-

999 1856 1072 1888 dine
1100 1856 1233 1887 fratrum
1267 1854 1439 1887 Servorum
1466 1854 1499 1886 Β.
1528 1853 1644 1886 Mariae
1668 1853 1738 1885 Vir-

1000 1907 1083 1950 ginis
1119 1908 1151 1940 in
1190 1911 1376 1938 sanctorum
1413 1906 1635 1938 confessorum
1671 1916 1736 1938 nou

1000 1960 1189 2002 pontificum
1216 1969 1373 1991 canonem
1391 1958 1564 1990 referendo
1586 1957 1737 2001 precibus

1001 2013 1144 2055 repetitis
1180 2022 1240 2054 per
1268 2010 1487 2043 venerabilem
1526 2011 1656 2042 fratrem
1680 2021 1738 2043 no-

999 2071 1098 2097 strum
1127 2063 1332 2096 Laurentium
1362 2063 1393 2095 S.
1417 2063 1454 2095 P..
1482 2063 1516 2095 E.
1548 2062 1736 2106 episcopum

1000 2117 1198 2149 cardinalem
1224 2116 1438 2148 Tusculanum
1464 2111 1633 2148 Corsindm
1660 2126 1738 2148 nun-

1000 2174 1158 2211 cupatum,
1178 2173 1252 2212 post
1274 2169 1460 2200 decantatas
1487 2177 1592 2200 sacras
1619 2167 1738 2201 oratio-

1001 2231 1057 2253 nes
1077 2227 1108 2253 et
1125 2221 1262 2263 Spiritus
1279 2220 1385 2253 Sancti
1406 2221 1538 2262 gratiam
1558 2220 1737 2253 humillime

1000 2273 1228 2316 imploratam,
1255 2274 1292 2305 ad
1320 2273 1479 2305 honorem
1514 2273 1738 2306 sanctissimae

1000 2331 1031 2356 et
1055 2325 1239 2358 individuae
1262 2324 1439 2364 Trinitatis,
1458 2325 1532 2357 {idei
1559 2325 1737 2358 catholicae

1000 2378 1238 2416 exaltationem,
1265 2382 1296 2410 et
1337 2377 1533 2410 christianae
1570 2377 1739 2420 religionis

999 2430 1236 2462 incrementum
1255 2456 1262 2469 ,
1290 2430 1482 2463 auctoritate
1508 2430 1738 2472 omnipotentis

998 2483 1053 2515 Dei
1073 2483 1184 2522 Patris,
1212 2482 1307 2523 Filii,
1334 2488 1364 2515 et
1388 2482 1526 2525 Spiritus
1552 2483 1681 2522 Sancti,
1709 2489 1739 2515 et

999 2536 1168 2568 beatorum
1188 2535 1409 2577 apostolorum
1429 2534 1512 2567 Petri
1533 2540 1563 2567 et
1582 2535 1684 2575 Pauli,
1703 2545 1739 2567 ac

1033 2598 1043 2623 1
1068 2596 1138 2623 Edit.
1161 2595 1239 2623 Main.
1261 2595 1333 2631 legit¹
1356 2596 1440 2624 Sedis
1463 2598 1512 2631 .(n.
1531 2597 1579 2629 τ.).

1744 229 1789 252 ΑιιΑ
1812 227 1840 252 C.
1859 225 1926 252 ¹726
