2170 3147
41 173 88 198 An.
104 171 132 198 C.
155 170 222 198 ¹725

62 862 181 881 crau-uiae.

459 174 473 181 a

230 218 427 252 christianae
453 219 580 262 pietatis
605 230 704 263 opera
731 226 761 253 et
787 222 967 254 functiones

231 272 477 310 ecclesiasticas,
503 272 588 304 iuxta
615 283 725 305 eorum
751 273 878 305 Ordinis
904 275 969 306 lau-

231 324 336 357 dabile
362 323 556 362 institutum,
583 329 615 356 et
639 335 722 367 quae
749 326 898 367 religiosa
918 337 969 359 eo-

230 387 299 408 rum
318 376 458 409 charitas
478 377 515 408 ad
535 377 786 419 promovendam
805 383 967 409 aeternam

231 429 453 472 proximorum
481 430 613 461 salutem
640 429 700 461 sibi
720 430 856 461 suaserit
880 441 969 462 exer-

230 482 341 520 cenda,
369 492 534 521 exercere,
556 482 697 513 cuiusvis
723 482 852 514 lieentia
877 483 969 514 desu-
990 480 992 521 l

229 544 287 577 per
310 535 442 566 minime
469 534 631 577 requisita,
657 534 725 567 sine
753 539 857 566 tamen
878 545 970 577 prae-
990 522 992 537 ⁴

230 586 349 619 iudicio
375 586 492 618 iurium
522 586 757 629 parochialium
788 587 891 618 dictae
917 597 970 628 pa-

231 639 388 672 roehialis
413 639 567 671 ecclesiae
587 639 740 682 illiusque
759 649 844 671 nunc
862 644 889 671 et
911 649 968 681 pro

230 698 377 735 tempore
408 691 574 724 existentis
609 692 767 730 rectoris,
791 692 968 734 apostoliea
990 707 991 719 i

230 744 421 777 auctoritate
447 750 606 787 perpetuo
632 744 786 787 erigimus
815 749 844 776 et
877 745 968 776 insti-

230 797 359 830 tuimus.

272 850 287 893 ἓ
311 850 342 883 5.
363 850 597 890 Decernentes,
614 851 743 883 easdem
765 856 967 893 praesentes,

229 903 323 936 etiarn
350 914 385 935 ex
412 914 449 936 eo
476 904 559 946 qnod
595 904 702 936 dilecti
737 904 792 936 filii
819 904 964 936 moderni

230 957 332 990 dictae
374 957 572 999 parochialis
618 957 775 989 eeclesiae
813 957 965 1000 illiusque

230 1020 315 1042 nunc
338 1015 370 1042 et
394 1019 452 1052 pro
479 1015 625 1052 tempore
653 1011 828 1043 existentes
860 1017 967 1043 rector

228 1072 264 1094 ac
288 1061 471 1095 beneficiati
491 1062 522 1094 in
546 1064 581 1094 ea
601 1062 774 1095 existentes
796 1063 965 1106 praedicti,

228 1114 415 1147 Ordinarius
441 1115 515 1154 loci,
543 1116 710 1157 regulares
737 1114 965 1158 cuiuscumque

228 1167 366 1207 Ordinis,
392 1168 556 1200 societatis
583 1169 630 1200 vel
650 1167 797 1208 instituti,
824 1169 872 1201 vel
900 1169 967 1212 qui-

229 1230 367 1263 cumque
393 1220 444 1252 alii
464 1220 495 1252 in
515 1221 702 1263 praemissis
724 1222 967 1264 quomodolibet

228 1273 386 1306 interesse
412 1273 569 1306 habentes
594 1283 649 1306 seu
676 1274 797 1307 habere
816 1280 967 1317 praeten-

229 1326 351 1365 dentes,
378 1327 427 1359 vel
453 1327 515 1367 alii,
542 1327 579 1359 ad
607 1338 689 1370 quos
715 1328 821 1360 forsan
844 1333 967 1370 spectat

229 1385 261 1411 et
284 1379 423 1422 pertinet
450 1389 506 1412 seu
532 1390 591 1423 pro
627 1386 773 1423 tempore
806 1381 968 1423 spectabit

230 1437 261 1465 et
285 1432 473 1475 pertinebit,
507 1433 544 1464 ad
576 1433 638 1465 hoc
670 1433 771 1465 vocati
805 1438 837 1465 et
866 1433 965 1466 auditi

229 1496 294 1518 non
321 1486 452 1525 fuerint,
478 1496 586 1530 neque
612 1486 803 1529 praemissis
829 1497 967 1520 consen-

230 1539 349 1579 serint,
385 1540 451 1573 imo
485 1541 591 1572 forsan
634 1540 697 1573 illis
734 1541 965 1574 contradicturi

229 1592 303 1632 sint,
331 1603 385 1625 seu
412 1593 578 1635 quibusvis
605 1593 675 1626 aliis
700 1594 905 1637 quantumvis
923 1593 968 1625 iu-

230 1645 300 1685 stis,
319 1645 502 1678 iustissimis
521 1651 551 1678 et
577 1646 827 1679 rationabilibus
847 1647 963 1685 causis,

230 1699 269 1731 de
287 1698 442 1731 nullitatis
456 1698 542 1738 vitio,
560 1704 612 1732 aut
631 1699 819 1732 intentionis
834 1705 965 1733 nostrae

229 1753 278 1785 vel
311 1752 463 1795 quopiam
495 1753 556 1785 alio
590 1753 716 1785 defectu
751 1753 893 1795 cogitato
919 1754 990 1786 vel<

230 1804 451 1846 inexcogitato
484 1805 598 1844 notari,
631 1805 828 1848 impugnari,
868 1812 967 1839 retra-

231 1856 327 1896 ctari,
353 1857 536 1896 annullari,
566 1858 597 1890 in
628 1858 678 1890 ius
703 1859 752 1891 vel
778 1863 966 1891 controver-
989 1856 990 1859 ’

231 1909 309 1942 siam
337 1909 497 1950 revocari,
525 1915 580 1942 aut
612 1911 764 1944 adversus
790 1922 842 1944 eas
868 1913 991 1955 quod-'

231 1973 368 2005 eumque
390 1963 468 1996 iuris
485 1965 534 1997 vel
554 1963 627 1996 facti
650 1970 704 1996 aut
721 1965 843 2006 gratiae
864 1975 968 1998 reme-

231 2015 318 2048 dium
344 2015 521 2059 impetrari,
545 2017 595 2049 vel
622 2017 681 2049 sub
706 2017 967 2061 quibuscumque

232 2068 517 2102 constitutionibus
535 2074 565 2102 et
585 2069 702 2102 litteris
719 2071 920 2113 apostolicis,
936 2071 966 2104 in

232 2121 429 2154 contrarium
459 2122 724 2165 praemissorum,
755 2123 851 2156 etiam
880 2130 968 2156 motu

233 2173 301 2217 pari
343 2179 375 2207 et
415 2175 682 2208 consistorialiter
723 2176 877 2209 emanatis
920 2177 967 2209 vel

233 2228 434 2268 emanandis,
461 2233 514 2261 aut
550 2228 716 2272 quibusvis
741 2229 894 2262 similium
922 2231 969 2263 vel

233 2281 437 2314 dissimilium
470 2281 647 2324 gratiarum
684 2282 967 2322 revocationibus,

234 2334 515 2377 suspensionibus,
541 2334 796 2373 limitationibus,
823 2340 877 2367 aut
901 2335 970 2367 aliis

234 2387 403 2420 contrariis
418 2387 687 2430 dispositionibus
706 2389 891 2421 nullatenus
911 2398 968 2420 un-

235 2451 331 2484 quam
356 2441 602 2484 comprehendi,
622 2441 678 2473 sed
697 2451 827 2484 semper
847 2441 885 2472 ab
904 2440 969 2473 illis

235 2498 393 2536 exceptas,
419 2498 460 2531 et,
493 2493 622 2536 quoties
647 2493 722 2525 illae
757 2493 968 2533 emanabant,

235 2545 330 2578 toties
356 2545 388 2578 in
413 2545 586 2588 pristinum
612 2551 644 2578 et
673 2545 906 2579 validissimum
934 2557 969 2578 ae

819 174 1013 197 RENEDICTUS
1040 175 1093 197 XHl
1120 175 1167 198 ΓΡ.

990 2200 992 2215 2
1013 2182 1059 2209 tes
1077 2181 1109 2209 et
1128 2176 1159 2208 in
1175 2176 1221 2209 eis

1649 166 1712 198 253

1012 231 1083 254 eum
1111 222 1141 254 in
1168 233 1232 266 qno
1259 227 1332 255 ante
1358 223 1552 266 praemissa'
1572 223 1748 266 quomodo-

1012 274 1091 306 libet
1116 281 1207 306 erant
1232 281 1346 307 statum
1374 276 1555 314 restitutas,
1588 275 1747 318 repositas

1012 332 1042 357 et
1078 327 1225 369 plenarie
1263 328 1492 370 reintegratas,
1525 339 1561 360 ae
1591 328 1629 360 de
1663 339 1747 360 novo

1013 379 1108 411 etiam
1139 380 1196 411 sub
1234 391 1435 423 quarumque
1469 381 1640 423 posteriori
1676 381 1748 412 data

990 441 1070 473 ,per
1094 442 1153 473 pro
1187 438 1330 474 tempore
1364 434 1539 465 existentes
1572 433 1645 465 dicti
1672 443 1748 465 eon-

1013 489 1125 515 ventus
1153 495 1209 526 per
1241 495 1320 524 uos,
1346 491 1380 516 ut
1420 486 1621 527 praefertur,
1649 486 1746 518 erecti

1012 535 1152 577 priorem
1179 542 1211 568 et
1237 536 1348 569 fratres
1376 538 1524 579 eligenda
1552 548 1746 576 concessas,

1012 597 1140 630 semper
1166 595 1193 620 et
1221 593 1378 631 perpetuo
1404 589 1523 622 validas
1550 595 1580 622 et
1605 591 1748 623 efficaces

1013 650 1082 672 esse
1114 646 1142 672 et
1170 641 1257 680 fore,
1283 652 1423 684 suosque
1456 643 1621 684 plenarios
1648 649 1678 674 et
1703 643 1749 675 in-

1013 697 1119 734 tegros
1154 693 1286 725 etl'eetus
1319 695 1428 726 sortiri
1455 700 1484 727 et
1519 695 1680 734 obtinere,
1714 706 1749 727 aa:

1011 746 1051 776 ab
1087 745 1255 784 omnibus,
1282 747 1320 778 ail
1361 757 1441 789 quos
1474 752 1600 789 spectat
1635 753 1665 779 et
1691 759 1748 790 pro

1013 803 1157 840 tempore
1188 798 1365 841 spectabit,
1392 798 1526 832 firmiter
1555 805 1586 832 et
1616 800 1749 833 iuviola-

1011 850 1120 882 biliter
1145 851 1335 891 observari,
1362 851 1475 894 sieque
1511 858 1543 885 et
1575 864 1639 885 non
1669 854 1747 885 alias

1012 914 1071 946 per
1096 914 1318 947 quoscumque
1345 904 1466 937 iudices
1493 905 1674 938 ordinarios
1700 908 1747 939 vel

1011 957 1179 998 delegatos
1207 958 1302 989 etiam
1328 968 1496 990 causarum
1523 958 1633 1000 palatii
1660 969 1749 1002 prae-

1011 1009 1085 1042 dicti
1113 1010 1298 1047 auditores,
1320 1020 1355 1042 ac
1380 1010 1411 1042 S.
1433 1010 1469 1042 R.
1489 1011 1523 1042 E.
1551 1011 1746 1050 cardinales,

1010 1061 1107 1094 etiam
1135 1062 1174 1094 de
1207 1062 1306 1094 latere
1339 1063 1463 1104 legatos
1501 1067 1531 1096 et
1556 1064 1749 1106 vicelegatos

1010 1126 1046 1147 ac
1070 1115 1161 1147 Sedis
1195 1116 1402 1158 Apostolicae
1438 1117 1596 1154 nuncios,
1623 1118 1749 1149 sublata

1011 1168 1056 1200 eis
1082 1173 1113 1200 et
1139 1179 1251 1201 eorum
1279 1169 1414 1201 cuilibet.
1439 1170 1549 1212 quavis
1582 1171 1676 1203 aliter
1700 1171 1748 1202 iu-

1011 1221 1138 1254 dicandi
1179 1227 1210 1254 et
1250 1222 1487 1265 interpretandi
1532 1223 1680 1256 facultate
1717 1230 1747 1255 et

1010 1274 1211 1311 auctoritate,
1237 1274 1268 1306 in
1300 1274 1446 1317 qualibet
1480 1275 1632 1308 instantia
1665 1277 1749 1309 iudi-

1010 1327 1073 1359 cari
1107 1332 1138 1359 et
1163 1327 1290 1360 definiri
1325 1328 1464 1368 debere,
1490 1339 1525 1361 ae
1559 1329 1684 1362 irritum
1718 1337 1749 1363 ct

1012 1380 1105 1413 inane
1130 1380 1154 1412 si
1190 1391 1285 1413 secus
1319 1391 1415 1423 super
1441 1382 1490 1413 his
1517 1393 1534 1414 a
1559 1393 1744 1425 quoquam,

1011 1434 1122 1477 quavis
1149 1434 1346 1473 auctoritate,
1366 1434 1507 1467 scienter
1528 1436 1577 1467 vel
1604 1436 1750 1478 ignoran-

1013 1491 1071 1526 ter,
1098 1487 1275 1527 contigerit
1301 1487 1462 1519 attentari.

1055 1540 1069 1581 g
1094 1538 1124 1570 6.
1153 1538 1306 1576 Quocirca
1332 1539 1458 1572 dilectis
1485 1539 1557 1572 filiis
1583 1546 1694 1574 nostro
1720 1547 1751 1574 et

1011 1592 1116 1624 dietae
1141 1592 1230 1625 Sedis
1256 1593 1376 1625 nuncio
1402 1592 1431 1624 in
1459 1593 1567 1636 regnis
1586 1595 1750 1637 Hispania-

1012 1656 1080 1678 rum
1107 1656 1165 1688 pro
1193 1650 1340 1688 tempore
1366 1647 1579 1680 commoranti
1618 1659 1653 1680 ac
1680 1659 1751 1681 cau-

988 1709 1118 1740 ,sarum
1146 1698 1253 1731 curiae
1286 1699 1436 1732 Gamerae
1468 1700 1671 1743 Apostolicae
1697 1712 1751 1744 ge-

1011 1751 1113 1784 nerali
1147 1752 1286 1784 auditori
1324 1763 1383 1794 per
1419 1753 1599 1795 apostolica
1634 1754 1750 1797 scripta

1012 1809 1099 1837 motu
1126 1805 1259 1848 proprio
1285 1805 1380 1838 simili
1407 1806 1608 1846 mandamus,
1641 1812 1751 1850 quate-

1010 1868 1070 1890 nus
1091 1858 1168 1901 ipsi,
1187 1860 1236 1891 vel
1263 1858 1338 1897 duo,
1356 1864 1411 1890 aut
1436 1869 1517 1891 unus
1543 1869 1672 1900 eornm,
1692 1871 1751 1903 per

1011 1921 1054 1949 se,
1076 1912 1124 1943 vel
1151 1911 1257 1950 alium,
1284 1921 1338 1943 seu
1366 1911 1455 1951 alios,
1476 1912 1605 1954 quando
1624 1917 1655 1944 et
1675 1923 1751 1955 quo-

1012 1964 1072 1997 ties
1097 1974 1154 2007 pro
1177 1970 1267 2007 parte
1290 1975 1347 2006 pro
1368 1970 1513 2007 tempore
1541 1965 1748 1997 existentium

1013 2017 1143 2050 fratrum
1169 2022 1346 2050 conventus
1372 2028 1430 2059 per
1455 2027 1512 2050 nos
1550 2023 1582 2050 ut
1609 2018 1750 2060 praefer-

1014 2076 1063 2103 tur
1088 2070 1184 2103 erecti
1212 2070 1406 2109 huiusmodi,
1433 2080 1489 2103 seu
1510 2081 1569 2113 pro
1589 2071 1634 2103 eis
1653 2081 1751 2113 agen-

1013 2123 1102 2163 tium,
1129 2122 1275 2165 requisiti
1303 2123 1432 2162 fuerint,
1450 2123 1579 2156 easdem
1600 2133 1749 2166 praesen·

1236 2174 1246 2192 ²
1266 2181 1418 2208 contenta
1433 2186 1665 2219 quaecumque,
1682 2176 1748 2215 ubi,

1013 2230 1143 2273 qnando
1169 2234 1198 2262 et
1223 2229 1348 2272 quoties
1374 2239 1455 2272 opus
1490 2229 1606 2269 fuerit,
1633 2230 1750 2262 faciant

1013 2282 1217 2324 integraliter
1242 2292 1278 2313 ac
1303 2281 1532 2315 inviolabiliter
1563 2282 1748 2323 observari,

1014 2346 1078 2368 non
1120 2335 1345 2378 permittentes
1385 2335 1526 2377 priorem
1568 2341 1599 2367 et
1635 2336 1749 2368 fratres

1014 2388 1087 2420 dicti
1115 2392 1294 2420 conventus
1331 2398 1388 2430 per
1421 2398 1478 2420 nos
1511 2393 1545 2419 ut
1568 2389 1750 2430 praefertur

1014 2439 1121 2479 erecti,
1149 2441 1195 2472 vel
1222 2449 1280 2481 pro
1306 2440 1352 2472 eis
1371 2446 1501 2482 agentes
1520 2450 1579 2483 pro
1606 2445 1748 2483 tempore

1050 2511 1060 2534 1
1084 2508 1149 2535 Male
1170 2509 1235 2535 edit.
1257 2508 1335 2535 Μαίη.
1357 2509 1421 2544 legit
1436 2510 1582 2543 permissa
1601 2512 1638 2543 (R.
1656 2510 1706 2544 T.).

1049 2552 1063 2578 2
1085 2551 1150 2580 Male
1171 2553 1236 2579 edit.
1258 2552 1336 2580 Main.
1359 2553 1423 2590 legit
1443 2562 1476 2580 εά
1497 2562 1545 2588 pro
1566 2555 1607 2582 eis
1627 2556 1663 2589 (n.
1681 2555 1728 2589 T.).

1759 176 1850 201 An.‹L
1875 176 1940 203 1725

1831 1553 1944 1578 Drpntatin

1761 1583 1860 1605 exquuloi
1867 1586 1909 1601 iim.
