<?xml version="1.0" encoding="UTF-8"?>
<!DOCTYPE html PUBLIC "-//W3C//DTD XHTML 1.0 Transitional//EN"
    "http://www.w3.org/TR/xhtml1/DTD/xhtml1-transitional.dtd">
<html xmlns="http://www.w3.org/1999/xhtml" xml:lang="en" lang="en">
 <head>
  <title>
</title>
<meta http-equiv="Content-Type" content="text/html;charset=utf-8" />
  <meta name='ocr-system' content='tesseract 3.04.00' />
  <meta name='ocr-capabilities' content='ocr_page ocr_carea ocr_par ocr_line ocrx_word'/>
</head>
<body>
  <div class='ocr_page' id='page_1' title='image "./bullarumdiplomat22cath_0337.png"; bbox 0 0 2170 3147; ppageno 0'>
   <div class='ocr_carea' id='block_1_1' title="bbox 7 197 194 228">
    <p class='ocr_par' dir='ltr' id='par_1_1' title="bbox 7 197 194 228">
     <span class='ocr_line' id='line_1_1' title="bbox 7 197 194 228; baseline -0.032 0"><span class='ocrx_word' id='word_1_1' title='bbox 7 198 58 228; x_wconf 64' lang='grc' dir='ltr'>ΑΒ.</span> <span class='ocrx_word' id='word_1_2' title='bbox 79 197 108 224; x_wconf 92' lang='lat' dir='ltr'>C.</span> <span class='ocrx_word' id='word_1_3' title='bbox 125 197 194 223; x_wconf 76' lang='lat'>¹725</span> 
     </span>
    </p>
   </div>
   <div class='ocr_carea' id='block_1_2' title="bbox 1 1409 182 1462">
    <p class='ocr_par' dir='ltr' id='par_1_2' title="bbox 1 1409 182 1462">
     <span class='ocr_line' id='line_1_2' title="bbox 13 1409 182 1439; baseline 0 -9"><span class='ocrx_word' id='word_1_4' title='bbox 13 1409 76 1430; x_wconf 76' lang='lat' dir='ltr'>Fides</span> <span class='ocrx_word' id='word_1_5' title='bbox 84 1410 182 1439; x_wconf 70' lang='lat' dir='ltr'>habenda</span> 
     </span>
     <span class='ocr_line' id='line_1_3' title="bbox 1 1438 146 1462; baseline 0.007 -7"><span class='ocrx_word' id='word_1_6' title='bbox 1 1438 146 1462; x_wconf 72' lang='lat' dir='ltr'>transumptus.</span> 
     </span>
    </p>
   </div>
   <div class='ocr_carea' id='block_1_3' title="bbox 0 2037 180 2086">
    <p class='ocr_par' dir='ltr' id='par_1_3' title="bbox 0 2037 180 2086">
     <span class='ocr_line' id='line_1_4' title="bbox 23 2037 180 2066; baseline -0.006 -8"><span class='ocrx_word' id='word_1_7' title='bbox 23 2037 109 2059; x_wconf 80' lang='lat' dir='ltr'>Sanctio</span> <span class='ocrx_word' id='word_1_8' title='bbox 128 2047 180 2066; x_wconf 49' lang='lat'>1³0?-</span> 
     </span>
     <span class='ocr_line' id='line_1_5' title="bbox 0 2065 60 2086; baseline 0.017 -1"><span class='ocrx_word' id='word_1_9' title='bbox 0 2065 60 2086; x_wconf 76' lang='lat' dir='ltr'>natis.</span> 
     </span>
    </p>
   </div>
   <div class='ocr_carea' id='block_1_4' title="bbox 782 196 974 220">
    <p class='ocr_par' dir='ltr' id='par_1_4' title="bbox 782 196 974 220">
     <span class='ocr_line' id='line_1_6' title="bbox 782 196 974 220; baseline -0.005 0"><span class='ocrx_word' id='word_1_10' title='bbox 782 196 974 220; x_wconf 79' lang='lat' dir='ltr'>BENEDICTUS</span> 
     </span>
    </p>
   </div>
   <div class='ocr_carea' id='block_1_5' title="bbox 198 243 941 865">
    <p class='ocr_par' dir='ltr' id='par_1_5' title="bbox 198 243 941 865">
     <span class='ocr_line' id='line_1_7' title="bbox 204 243 939 286; baseline -0.001 -9"><span class='ocrx_word' id='word_1_11' title='bbox 204 246 326 285; x_wconf 87' lang='lat' dir='ltr'>dictos,</span> <span class='ocrx_word' id='word_1_12' title='bbox 353 255 389 277; x_wconf 87' lang='lat' dir='ltr'>ac</span> <span class='ocrx_word' id='word_1_13' title='bbox 424 254 484 277; x_wconf 81' lang='lat' dir='ltr'>nos</span> <span class='ocrx_word' id='word_1_14' title='bbox 509 250 540 276; x_wconf 88' lang='lat' dir='ltr'>et</span> <span class='ocrx_word' id='word_1_15' title='bbox 564 243 680 276; x_wconf 86' lang='lat' dir='ltr'>Sedem</span> <span class='ocrx_word' id='word_1_16' title='bbox 717 244 939 286; x_wconf 87' lang='lat' dir='ltr'>praedictam,</span> 
     </span>
     <span class='ocr_line' id='line_1_8' title="bbox 202 295 939 338; baseline -0.001 -9"><span class='ocrx_word' id='word_1_17' title='bbox 202 298 297 329; x_wconf 87' lang='lat' dir='ltr'>etiam</span> <span class='ocrx_word' id='word_1_18' title='bbox 322 301 412 328; x_wconf 89' lang='lat' dir='ltr'>motu</span> <span class='ocrx_word' id='word_1_19' title='bbox 438 295 571 338; x_wconf 84' lang='lat' dir='ltr'>proprio</span> <span class='ocrx_word' id='word_1_20' title='bbox 587 301 671 328; x_wconf 81' lang='lat' dir='ltr'>etex</span> <span class='ocrx_word' id='word_1_21' title='bbox 694 299 782 328; x_wconf 79' lang='lat' dir='ltr'>certa</span> <span class='ocrx_word' id='word_1_22' title='bbox 796 296 939 335; x_wconf 71' lang='lat' dir='ltr'>scientia,</span> 
     </span>
     <span class='ocr_line' id='line_1_9' title="bbox 201 347 941 381; baseline -0.003 0"><span class='ocrx_word' id='word_1_23' title='bbox 201 349 297 381; x_wconf 86' lang='lat' dir='ltr'>etiam</span> <span class='ocrx_word' id='word_1_24' title='bbox 315 347 587 381; x_wconf 69' lang='lat' dir='ltr'>consistorialiter</span> <span class='ocrx_word' id='word_1_25' title='bbox 606 353 637 378; x_wconf 89' lang='lat' dir='ltr'>et</span> <span class='ocrx_word' id='word_1_26' title='bbox 662 347 701 379; x_wconf 90' lang='lat' dir='ltr'>de</span> <span class='ocrx_word' id='word_1_27' title='bbox 727 347 862 379; x_wconf 74' lang='lat' dir='ltr'>fratrum</span> <span class='ocrx_word' id='word_1_28' title='bbox 884 358 941 379; x_wconf 88' lang='lat' dir='ltr'>no-</span> 
     </span>
     <span class='ocr_line' id='line_1_10' title="bbox 200 401 939 443; baseline -0.003 -9"><span class='ocrx_word' id='word_1_29' title='bbox 200 408 341 434; x_wconf 86' lang='lat' dir='ltr'>strornm</span> <span class='ocrx_word' id='word_1_30' title='bbox 381 401 543 439; x_wconf 89' lang='lat' dir='ltr'>consilio,</span> <span class='ocrx_word' id='word_1_31' title='bbox 576 410 714 433; x_wconf 61' lang='lat' dir='ltr'>necnon*</span> <span class='ocrx_word' id='word_1_32' title='bbox 739 401 939 443; x_wconf 85' lang='lat' dir='ltr'>apostolicae</span> 
     </span>
     <span class='ocr_line' id='line_1_11' title="bbox 201 452 938 496; baseline -0.004 -9"><span class='ocrx_word' id='word_1_33' title='bbox 201 455 367 495; x_wconf 83' lang='lat' dir='ltr'>potestatis</span> <span class='ocrx_word' id='word_1_34' title='bbox 403 452 608 496; x_wconf 71' lang='lat' dir='ltr'>plenitudine</span> <span class='ocrx_word' id='word_1_35' title='bbox 644 452 828 491; x_wconf 78' lang='lat' dir='ltr'>concessis,</span> <span class='ocrx_word' id='word_1_36' title='bbox 861 463 938 485; x_wconf 88' lang='lat' dir='ltr'>con-</span> 
     </span>
     <span class='ocr_line' id='line_1_12' title="bbox 200 505 936 548; baseline -0.003 -10"><span class='ocrx_word' id='word_1_37' title='bbox 200 506 331 539; x_wconf 80' lang='lat' dir='ltr'>firmatis</span> <span class='ocrx_word' id='word_1_38' title='bbox 358 513 390 539; x_wconf 91' lang='lat' dir='ltr'>et</span> <span class='ocrx_word' id='word_1_39' title='bbox 414 506 598 546; x_wconf 79' lang='lat' dir='ltr'>innovatis;</span> <span class='ocrx_word' id='word_1_40' title='bbox 626 506 742 548; x_wconf 85' lang='lat' dir='ltr'>quibus</span> <span class='ocrx_word' id='word_1_41' title='bbox 772 505 936 544; x_wconf 87' lang='lat' dir='ltr'>omnibus,</span> 
     </span>
     <span class='ocr_line' id='line_1_13' title="bbox 200 557 938 600; baseline -0.003 -10"><span class='ocrx_word' id='word_1_42' title='bbox 200 559 325 591; x_wconf 80' lang='lat' dir='ltr'>etiamsi</span> <span class='ocrx_word' id='word_1_43' title='bbox 366 559 404 591; x_wconf 91' lang='lat' dir='ltr'>de</span> <span class='ocrx_word' id='word_1_44' title='bbox 446 558 509 591; x_wconf 83' lang='lat' dir='ltr'>illis</span> <span class='ocrx_word' id='word_1_45' title='bbox 553 568 729 600; x_wconf 85' lang='lat' dir='ltr'>eorumque</span> <span class='ocrx_word' id='word_1_46' title='bbox 771 557 938 590; x_wconf 87' lang='lat' dir='ltr'>tenoribus</span> 
     </span>
     <span class='ocr_line' id='line_1_14' title="bbox 200 609 935 653; baseline -0.004 -10"><span class='ocrx_word' id='word_1_47' title='bbox 200 611 359 653; x_wconf 78' lang='lat' dir='ltr'>specialis,</span> <span class='ocrx_word' id='word_1_48' title='bbox 387 610 539 653; x_wconf 82' lang='lat' dir='ltr'>specitira</span> <span class='ocrx_word' id='word_1_49' title='bbox 564 616 595 642; x_wconf 90' lang='lat' dir='ltr'>et</span> <span class='ocrx_word' id='word_1_50' title='bbox 620 620 771 652; x_wconf 72' lang='lat' dir='ltr'>expressa</span> <span class='ocrx_word' id='word_1_51' title='bbox 796 609 935 647; x_wconf 87' lang='lat' dir='ltr'>mentio,</span> 
     </span>
     <span class='ocr_line' id='line_1_15' title="bbox 199 662 937 706; baseline -0.004 -10"><span class='ocrx_word' id='word_1_52' title='bbox 199 674 254 696; x_wconf 89' lang='lat' dir='ltr'>seu</span> <span class='ocrx_word' id='word_1_53' title='bbox 282 664 388 706; x_wconf 87' lang='lat' dir='ltr'>aliqua</span> <span class='ocrx_word' id='word_1_54' title='bbox 413 663 475 696; x_wconf 88' lang='lat' dir='ltr'>alia</span> <span class='ocrx_word' id='word_1_55' title='bbox 501 662 656 705; x_wconf 79' lang='lat' dir='ltr'>exquisita</span> <span class='ocrx_word' id='word_1_56' title='bbox 682 662 784 695; x_wconf 75' lang='lat' dir='ltr'>forma</span> <span class='ocrx_word' id='word_1_57' title='bbox 809 662 846 694; x_wconf 89' lang='lat' dir='ltr'>ad</span> <span class='ocrx_word' id='word_1_58' title='bbox 875 662 937 694; x_wconf 87' lang='lat' dir='ltr'>boc</span> 
     </span>
     <span class='ocr_line' id='line_1_16' title="bbox 199 715 936 754; baseline -0.003 -6"><span class='ocrx_word' id='word_1_59' title='bbox 199 717 358 749; x_wconf 86' lang='lat' dir='ltr'>servanda</span> <span class='ocrx_word' id='word_1_60' title='bbox 383 716 467 748; x_wconf 84' lang='lat' dir='ltr'>foret</span> <span class='ocrx_word' id='word_1_61' title='bbox 496 722 625 748; x_wconf 75' lang='lat' dir='ltr'>tenores</span> <span class='ocrx_word' id='word_1_62' title='bbox 664 715 869 754; x_wconf 86' lang='lat' dir='ltr'>huiusmodi,</span> <span class='ocrx_word' id='word_1_63' title='bbox 900 725 936 746; x_wconf 87' lang='lat' dir='ltr'>ac</span> 
     </span>
     <span class='ocr_line' id='line_1_17' title="bbox 199 768 934 805; baseline -0.005 -3"><span class='ocrx_word' id='word_1_64' title='bbox 199 770 223 802; x_wconf 85' lang='lat' dir='ltr'>si</span> <span class='ocrx_word' id='word_1_65' title='bbox 250 770 288 802; x_wconf 88' lang='lat' dir='ltr'>de</span> <span class='ocrx_word' id='word_1_66' title='bbox 314 770 413 801; x_wconf 73' lang='lat' dir='ltr'>verbo</span> <span class='ocrx_word' id='word_1_67' title='bbox 439 769 476 801; x_wconf 82' lang='lat' dir='ltr'>ad</span> <span class='ocrx_word' id='word_1_68' title='bbox 509 769 641 801; x_wconf 73' lang='lat' dir='ltr'>verbum</span> <span class='ocrx_word' id='word_1_69' title='bbox 667 768 778 800; x_wconf 88' lang='lat' dir='ltr'>inserti</span> <span class='ocrx_word' id='word_1_70' title='bbox 806 768 934 805; x_wconf 83' lang='lat' dir='ltr'>forent,</span> 
     </span>
     <span class='ocr_line' id='line_1_18' title="bbox 198 820 932 865; baseline -0.004 -11"><span class='ocrx_word' id='word_1_71' title='bbox 198 821 424 865; x_wconf 87' lang='lat' dir='ltr'>praesentibus</span> <span class='ocrx_word' id='word_1_72' title='bbox 460 831 517 862; x_wconf 86' lang='lat' dir='ltr'>pro</span> <span class='ocrx_word' id='word_1_73' title='bbox 556 821 715 862; x_wconf 77' lang='lat' dir='ltr'>expressis</span> <span class='ocrx_word' id='word_1_74' title='bbox 751 820 932 857; x_wconf 81' lang='lat' dir='ltr'>babentes,</span> 
     </span>
    </p>
   </div>
   <div class='ocr_carea' id='block_1_6' title="bbox 197 872 958 915">
    <p class='ocr_par' dir='ltr' id='par_1_6' title="bbox 197 872 958 915">
     <span class='ocr_line' id='line_1_19' title="bbox 197 872 958 915; baseline -0.004 -9"><span class='ocrx_word' id='word_1_75' title='bbox 197 874 261 907; x_wconf 85' lang='lat' dir='ltr'>illis</span> <span class='ocrx_word' id='word_1_76' title='bbox 287 874 366 906; x_wconf 77' lang='lat' dir='ltr'>alias</span> <span class='ocrx_word' id='word_1_77' title='bbox 394 874 425 905; x_wconf 93' lang='lat' dir='ltr'>in</span> <span class='ocrx_word' id='word_1_78' title='bbox 451 883 510 905; x_wconf 85' lang='lat' dir='ltr'>suo</span> <span class='ocrx_word' id='word_1_79' title='bbox 536 873 656 905; x_wconf 89' lang='lat' dir='ltr'>robore</span> <span class='ocrx_word' id='word_1_80' title='bbox 689 872 932 915; x_wconf 74' lang='lat' dir='ltr'>permansuris,</span> <span class='ocrx_word' id='word_1_81' title='bbox 956 903 958 912; x_wconf 54' lang='grc'>,</span> 
     </span>
    </p>
   </div>
   <div class='ocr_carea' id='block_1_7' title="bbox 198 925 936 967">
    <p class='ocr_par' dir='ltr' id='par_1_7' title="bbox 198 925 936 967">
     <span class='ocr_line' id='line_1_20' title="bbox 198 925 936 967; baseline -0.005 -8"><span class='ocrx_word' id='word_1_82' title='bbox 198 927 258 959; x_wconf 82' lang='lat' dir='ltr'>hac</span> <span class='ocrx_word' id='word_1_83' title='bbox 287 926 354 958; x_wconf 88' lang='lat' dir='ltr'>vice</span> <span class='ocrx_word' id='word_1_84' title='bbox 392 926 578 965; x_wconf 73' lang='lat' dir='ltr'>dumtaxat,</span> <span class='ocrx_word' id='word_1_85' title='bbox 605 925 788 967; x_wconf 71' lang='lat' dir='ltr'>specialiter</span> <span class='ocrx_word' id='word_1_86' title='bbox 824 930 854 957; x_wconf 85' lang='lat' dir='ltr'>et</span> <span class='ocrx_word' id='word_1_87' title='bbox 886 934 936 956; x_wconf 78' lang='lat' dir='ltr'>ex-</span> 
     </span>
    </p>
   </div>
   <div class='ocr_carea' id='block_1_8' title="bbox 196 977 958 1073">
    <p class='ocr_par' dir='ltr' id='par_1_8' title="bbox 196 977 958 1073">
     <span class='ocr_line' id='line_1_21' title="bbox 196 977 958 1022; baseline -0.004 -12"><span class='ocrx_word' id='word_1_88' title='bbox 196 989 308 1022; x_wconf 85' lang='lat' dir='ltr'>presse</span> <span class='ocrx_word' id='word_1_89' title='bbox 346 979 567 1019; x_wconf 80' lang='lat' dir='ltr'>deroganius,</span> <span class='ocrx_word' id='word_1_90' title='bbox 596 977 766 1010; x_wconf 76' lang='lat' dir='ltr'>contrariis</span> <span class='ocrx_word' id='word_1_91' title='bbox 804 977 958 1019; x_wconf 32' lang='lat' dir='ltr'>quibus-2</span> 
     </span>
     <span class='ocr_line' id='line_1_22' title="bbox 197 1030 958 1073; baseline -0.001 -11"><span class='ocrx_word' id='word_1_92' title='bbox 197 1041 358 1073; x_wconf 84' lang='lat' dir='ltr'>cumque,</span> <span class='ocrx_word' id='word_1_93' title='bbox 383 1036 437 1062; x_wconf 85' lang='lat' dir='ltr'>aut</span> <span class='ocrx_word' id='word_1_94' title='bbox 470 1030 494 1061; x_wconf 89' lang='lat' dir='ltr'>si</span> <span class='ocrx_word' id='word_1_95' title='bbox 521 1030 682 1072; x_wconf 73' lang='lat' dir='ltr'>aliquibus</span> <span class='ocrx_word' id='word_1_96' title='bbox 720 1030 936 1062; x_wconf 85' lang='lat' dir='ltr'>communiter</span> <span class='ocrx_word' id='word_1_97' title='bbox 957 1043 958 1055; x_wconf 51' lang='grc' dir='ltr'>ι</span> 
     </span>
    </p>
   </div>
   <div class='ocr_carea' id='block_1_9' title="bbox 197 1082 933 1121">
    <p class='ocr_par' dir='ltr' id='par_1_9' title="bbox 197 1082 933 1121">
     <span class='ocr_line' id='line_1_23' title="bbox 197 1082 933 1121; baseline -0.001 -6"><span class='ocrx_word' id='word_1_98' title='bbox 197 1091 249 1115; x_wconf 84' lang='lat' dir='ltr'>aut</span> <span class='ocrx_word' id='word_1_99' title='bbox 275 1083 401 1115; x_wconf 76' lang='lat' dir='ltr'>divisim</span> <span class='ocrx_word' id='word_1_100' title='bbox 428 1083 466 1114; x_wconf 83' lang='lat' dir='ltr'>ab</span> <span class='ocrx_word' id='word_1_101' title='bbox 488 1083 598 1114; x_wconf 75' lang='lat' dir='ltr'>eadem</span> <span class='ocrx_word' id='word_1_102' title='bbox 613 1082 749 1114; x_wconf 80' lang='lat' dir='ltr'>sitSede</span> <span class='ocrx_word' id='word_1_103' title='bbox 765 1082 933 1121; x_wconf 85' lang='lat' dir='ltr'>indultum,</span> 
     </span>
    </p>
   </div>
   <div class='ocr_carea' id='block_1_10' title="bbox 197 1135 1719 1233">
    <p class='ocr_par' dir='ltr' id='par_1_10' title="bbox 197 1135 1719 1233">
     <span class='ocr_line' id='line_1_24' title="bbox 197 1135 958 1179; baseline -0.003 -11"><span class='ocrx_word' id='word_1_104' title='bbox 197 1137 281 1179; x_wconf 90' lang='lat' dir='ltr'>quod</span> <span class='ocrx_word' id='word_1_105' title='bbox 307 1136 472 1173; x_wconf 77' lang='lat' dir='ltr'>interdici,</span> <span class='ocrx_word' id='word_1_106' title='bbox 497 1135 651 1177; x_wconf 82' lang='lat' dir='ltr'>suspendi</span> <span class='ocrx_word' id='word_1_107' title='bbox 677 1137 724 1167; x_wconf 80' lang='lat' dir='ltr'>vel</span> <span class='ocrx_word' id='word_1_108' title='bbox 752 1146 935 1168; x_wconf 79' lang='lat' dir='ltr'>excommu-</span> <span class='ocrx_word' id='word_1_109' title='bbox 957 1169 958 1179; x_wconf 16' lang='grc' dir='ltr'>γ</span> 
     </span>
     <span class='ocr_line' id='line_1_25' title="bbox 956 1182 1719 1233; baseline 0.005 -14"><span class='ocrx_word' id='word_1_110' title='bbox 956 1182 1052 1219; x_wconf 62' lang='lat' dir='ltr'>lloco</span> <span class='ocrx_word' id='word_1_111' title='bbox 1090 1195 1277 1220; x_wconf 82' lang='lat' dir='ltr'>numeratos</span> <span class='ocrx_word' id='word_1_112' title='bbox 1315 1190 1500 1222; x_wconf 76' lang='lat' dir='ltr'>didicimus.</span> <span class='ocrx_word' id='word_1_113' title='bbox 1538 1190 1600 1223; x_wconf 85' lang='lat' dir='ltr'>Nos</span> <span class='ocrx_word' id='word_1_114' title='bbox 1636 1192 1719 1233; x_wconf 80' lang='lat' dir='ltr'>ipsi,</span> 
     </span>
    </p>
   </div>
   <div class='ocr_carea' id='block_1_11' title="bbox 195 1188 934 1231">
    <p class='ocr_par' dir='ltr' id='par_1_11' title="bbox 195 1188 934 1231">
     <span class='ocr_line' id='line_1_26' title="bbox 195 1188 934 1231; baseline -0.001 -10"><span class='ocrx_word' id='word_1_115' title='bbox 195 1189 295 1221; x_wconf 89' lang='lat' dir='ltr'>nicari</span> <span class='ocrx_word' id='word_1_116' title='bbox 321 1199 387 1221; x_wconf 90' lang='lat' dir='ltr'>non</span> <span class='ocrx_word' id='word_1_117' title='bbox 414 1188 541 1230; x_wconf 79' lang='lat' dir='ltr'>possint</span> <span class='ocrx_word' id='word_1_118' title='bbox 565 1198 625 1231; x_wconf 85' lang='lat' dir='ltr'>pcr</span> <span class='ocrx_word' id='word_1_119' title='bbox 654 1188 777 1220; x_wconf 85' lang='lat' dir='ltr'>litteras</span> <span class='ocrx_word' id='word_1_120' title='bbox 805 1193 934 1230; x_wconf 88' lang='lat' dir='ltr'>aposto-</span> 
     </span>
    </p>
   </div>
   <div class='ocr_carea' id='block_1_12' title="bbox 195 1241 957 1342">
    <p class='ocr_par' dir='ltr' id='par_1_12' title="bbox 195 1241 957 1342">
     <span class='ocr_line' id='line_1_27' title="bbox 197 1241 957 1289; baseline -0.003 -15"><span class='ocrx_word' id='word_1_121' title='bbox 197 1242 275 1274; x_wconf 87' lang='lat' dir='ltr'>licas</span> <span class='ocrx_word' id='word_1_122' title='bbox 290 1251 354 1274; x_wconf 91' lang='lat' dir='ltr'>non</span> <span class='ocrx_word' id='word_1_123' title='bbox 370 1241 525 1273; x_wconf 71' lang='lat' dir='ltr'>facientes</span> <span class='ocrx_word' id='word_1_124' title='bbox 539 1241 668 1283; x_wconf 90' lang='lat' dir='ltr'>plenam</span> <span class='ocrx_word' id='word_1_125' title='bbox 694 1246 725 1273; x_wconf 90' lang='lat' dir='ltr'>et</span> <span class='ocrx_word' id='word_1_126' title='bbox 750 1251 932 1283; x_wconf 62' lang='lat' dir='ltr'>expressam</span> <span class='ocrx_word' id='word_1_127' title='bbox 956 1279 957 1289; x_wconf 17' lang='grc' dir='ltr'>η</span> 
     </span>
     <span class='ocr_line' id='line_1_28' title="bbox 195 1293 957 1342; baseline -0.001 -16"><span class='ocrx_word' id='word_1_128' title='bbox 195 1305 230 1326; x_wconf 90' lang='lat' dir='ltr'>ac</span> <span class='ocrx_word' id='word_1_129' title='bbox 267 1295 306 1326; x_wconf 85' lang='lat' dir='ltr'>de</span> <span class='ocrx_word' id='word_1_130' title='bbox 343 1295 443 1326; x_wconf 87' lang='lat' dir='ltr'>verbo</span> <span class='ocrx_word' id='word_1_131' title='bbox 481 1294 519 1325; x_wconf 86' lang='lat' dir='ltr'>ad</span> <span class='ocrx_word' id='word_1_132' title='bbox 556 1293 690 1325; x_wconf 82' lang='lat' dir='ltr'>verbum</span> <span class='ocrx_word' id='word_1_133' title='bbox 729 1294 767 1325; x_wconf 90' lang='lat' dir='ltr'>de</span> <span class='ocrx_word' id='word_1_134' title='bbox 806 1293 957 1342; x_wconf 50' lang='lat' dir='ltr'>indulto]</span> 
     </span>
    </p>
   </div>
   <div class='ocr_carea' id='block_1_13' title="bbox 194 1346 621 1378">
    <p class='ocr_par' dir='ltr' id='par_1_13' title="bbox 194 1346 621 1378">
     <span class='ocr_line' id='line_1_29' title="bbox 194 1346 621 1378; baseline -0.002 0"><span class='ocrx_word' id='word_1_135' title='bbox 194 1347 382 1378; x_wconf 85' lang='lat' dir='ltr'>huiusmodi</span> <span class='ocrx_word' id='word_1_136' title='bbox 408 1346 621 1378; x_wconf 73' lang='lat' dir='ltr'>mentionem,</span> 
     </span>
    </p>
   </div>
   <div class='ocr_carea' id='block_1_14' title="bbox 194 1398 956 1546">
    <p class='ocr_par' dir='ltr' id='par_1_14' title="bbox 194 1398 956 1546">
     <span class='ocr_line' id='line_1_30' title="bbox 239 1398 956 1441; baseline 0 -11"><span class='ocrx_word' id='word_1_137' title='bbox 239 1400 253 1441; x_wconf 56' lang='grc' dir='ltr'><strong>ξ</strong></span> <span class='ocrx_word' id='word_1_138' title='bbox 278 1399 330 1430; x_wconf 74' lang='grc' dir='ltr'>Μ.</span> <span class='ocrx_word' id='word_1_139' title='bbox 358 1398 514 1430; x_wconf 65' lang='lat' dir='ltr'>Volumus</span> <span class='ocrx_word' id='word_1_140' title='bbox 540 1399 661 1440; x_wconf 83' lang='lat' dir='ltr'>pariter</span> <span class='ocrx_word' id='word_1_141' title='bbox 686 1404 719 1430; x_wconf 91' lang='lat' dir='ltr'>ut</span> <span class='ocrx_word' id='word_1_142' title='bbox 745 1398 934 1431; x_wconf 85' lang='lat' dir='ltr'>earumdem</span> <span class='ocrx_word' id='word_1_143' title='bbox 955 1418 956 1437; x_wconf 30' lang='grc' dir='ltr'>ᾗ</span> 
     </span>
     <span class='ocr_line' id='line_1_31' title="bbox 194 1450 956 1494; baseline -0.001 -12"><span class='ocrx_word' id='word_1_144' title='bbox 194 1451 414 1494; x_wconf 85' lang='lat' dir='ltr'>praesentium</span> <span class='ocrx_word' id='word_1_145' title='bbox 432 1450 615 1482; x_wconf 87' lang='lat' dir='ltr'>litterarum</span> <span class='ocrx_word' id='word_1_146' title='bbox 634 1450 856 1493; x_wconf 70' lang='lat' dir='ltr'>transumptis,</span> <span class='ocrx_word' id='word_1_147' title='bbox 874 1461 932 1483; x_wconf 88' lang='lat' dir='ltr'>scu</span> <span class='ocrx_word' id='word_1_148' title='bbox 954 1474 956 1489; x_wconf 44' lang='lat'>2</span> 
     </span>
     <span class='ocr_line' id='line_1_32' title="bbox 194 1503 956 1546; baseline 0 -10"><span class='ocrx_word' id='word_1_149' title='bbox 194 1503 370 1546; x_wconf 80' lang='lat' dir='ltr'>exemplis,</span> <span class='ocrx_word' id='word_1_150' title='bbox 398 1503 494 1535; x_wconf 86' lang='lat' dir='ltr'>etiam</span> <span class='ocrx_word' id='word_1_151' title='bbox 519 1503 708 1544; x_wconf 84' lang='lat' dir='ltr'>impressis,</span> <span class='ocrx_word' id='word_1_152' title='bbox 744 1513 840 1535; x_wconf 85' lang='lat' dir='ltr'>manu</span> <span class='ocrx_word' id='word_1_153' title='bbox 876 1504 956 1541; x_wconf 48' lang='lat' dir='ltr'>ali-x</span> 
     </span>
    </p>
   </div>
   <div class='ocr_carea' id='block_1_15' title="bbox 191 1555 931 1652">
    <p class='ocr_par' dir='ltr' id='par_1_15' title="bbox 191 1555 931 1652">
     <span class='ocr_line' id='line_1_33' title="bbox 193 1555 931 1596; baseline 0 -8"><span class='ocrx_word' id='word_1_154' title='bbox 193 1557 284 1588; x_wconf 85' lang='lat' dir='ltr'>cuius</span> <span class='ocrx_word' id='word_1_155' title='bbox 322 1567 358 1588; x_wconf 77' lang='lat' dir='ltr'>ex</span> <span class='ocrx_word' id='word_1_156' title='bbox 395 1555 575 1588; x_wconf 74' lang='lat' dir='ltr'>secretariis</span> <span class='ocrx_word' id='word_1_157' title='bbox 611 1556 819 1596; x_wconf 73' lang='lat' dir='ltr'>generalibus</span> <span class='ocrx_word' id='word_1_158' title='bbox 857 1557 931 1588; x_wconf 86' lang='lat' dir='ltr'>dicti</span> 
     </span>
     <span class='ocr_line' id='line_1_34' title="bbox 191 1608 930 1652; baseline -0.001 -10"><span class='ocrx_word' id='word_1_159' title='bbox 191 1609 320 1642; x_wconf 83' lang='lat' dir='ltr'>Ordinis</span> <span class='ocrx_word' id='word_1_160' title='bbox 348 1614 403 1640; x_wconf 83' lang='lat' dir='ltr'>aut</span> <span class='ocrx_word' id='word_1_161' title='bbox 428 1608 546 1640; x_wconf 85' lang='lat' dir='ltr'>notarii</span> <span class='ocrx_word' id='word_1_162' title='bbox 574 1609 694 1650; x_wconf 80' lang='lat' dir='ltr'>publici</span> <span class='ocrx_word' id='word_1_163' title='bbox 721 1610 930 1652; x_wconf 77' lang='lat' dir='ltr'>subscriptis,</span> 
     </span>
    </p>
   </div>
   <div class='ocr_carea' id='block_1_16' title="bbox 192 1661 955 1862">
    <p class='ocr_par' dir='ltr' id='par_1_16' title="bbox 192 1661 955 1862">
     <span class='ocr_line' id='line_1_35' title="bbox 193 1661 955 1704; baseline -0.001 -9"><span class='ocrx_word' id='word_1_164' title='bbox 193 1668 224 1695; x_wconf 84' lang='lat' dir='ltr'>et</span> <span class='ocrx_word' id='word_1_165' title='bbox 249 1662 355 1704; x_wconf 82' lang='lat' dir='ltr'>sigillo</span> <span class='ocrx_word' id='word_1_166' title='bbox 383 1661 494 1699; x_wconf 83' lang='lat' dir='ltr'>officii,</span> <span class='ocrx_word' id='word_1_167' title='bbox 522 1661 680 1699; x_wconf 84' lang='lat' dir='ltr'>ministri,</span> <span class='ocrx_word' id='word_1_168' title='bbox 706 1668 759 1694; x_wconf 86' lang='lat' dir='ltr'>aut</span> <span class='ocrx_word' id='word_1_169' title='bbox 784 1663 932 1694; x_wconf 82' lang='lat' dir='ltr'>commis-</span> <span class='ocrx_word' id='word_1_170' title='bbox 954 1679 955 1701; x_wconf 61' lang='lat'><em>3</em></span> 
     </span>
     <span class='ocr_line' id='line_1_36' title="bbox 193 1714 932 1756; baseline 0 -9"><span class='ocrx_word' id='word_1_171' title='bbox 193 1715 268 1747; x_wconf 80' lang='lat' dir='ltr'>sarii</span> <span class='ocrx_word' id='word_1_172' title='bbox 294 1714 454 1756; x_wconf 57' lang='lat' dir='ltr'>generalis</span> <span class='ocrx_word' id='word_1_173' title='bbox 482 1716 527 1746; x_wconf 75' lang='lat' dir='ltr'>rel</span> <span class='ocrx_word' id='word_1_174' title='bbox 559 1715 778 1756; x_wconf 70' lang='lat' dir='ltr'>procuratoris</span> <span class='ocrx_word' id='word_1_175' title='bbox 803 1715 932 1748; x_wconf 80' lang='lat' dir='ltr'>Ordinis</span> 
     </span>
     <span class='ocr_line' id='line_1_37' title="bbox 192 1768 930 1811; baseline 0.001 -11"><span class='ocrx_word' id='word_1_176' title='bbox 192 1768 349 1811; x_wconf 78' lang='lat' dir='ltr'>praefati,</span> <span class='ocrx_word' id='word_1_177' title='bbox 377 1769 423 1800; x_wconf 76' lang='lat' dir='ltr'>vel</span> <span class='ocrx_word' id='word_1_178' title='bbox 461 1768 595 1800; x_wconf 85' lang='lat' dir='ltr'>alterius</span> <span class='ocrx_word' id='word_1_179' title='bbox 632 1778 792 1810; x_wconf 82' lang='lat' dir='ltr'>personae</span> <span class='ocrx_word' id='word_1_180' title='bbox 822 1770 854 1800; x_wconf 91' lang='lat' dir='ltr'>in</span> <span class='ocrx_word' id='word_1_181' title='bbox 881 1780 930 1801; x_wconf 83' lang='lat' dir='ltr'>ec·</span> 
     </span>
     <span class='ocr_line' id='line_1_38' title="bbox 193 1820 930 1862; baseline 0 -8"><span class='ocrx_word' id='word_1_182' title='bbox 193 1821 374 1854; x_wconf 76' lang='lat' dir='ltr'>clesiastica</span> <span class='ocrx_word' id='word_1_183' title='bbox 392 1820 550 1862; x_wconf 76' lang='lat' dir='ltr'>dignitate</span> <span class='ocrx_word' id='word_1_184' title='bbox 576 1820 769 1854; x_wconf 83' lang='lat' dir='ltr'>constitutae</span> <span class='ocrx_word' id='word_1_185' title='bbox 788 1822 930 1862; x_wconf 72' lang='lat' dir='ltr'>munitis,</span> 
     </span>
    </p>
   </div>
   <div class='ocr_carea' id='block_1_17' title="bbox 192 1873 931 1916">
    <p class='ocr_par' dir='ltr' id='par_1_17' title="bbox 192 1873 931 1916">
     <span class='ocr_line' id='line_1_39' title="bbox 192 1873 931 1916; baseline 0.001 -10"><span class='ocrx_word' id='word_1_186' title='bbox 192 1875 304 1906; x_wconf 85' lang='lat' dir='ltr'>eadem</span> <span class='ocrx_word' id='word_1_187' title='bbox 331 1884 466 1916; x_wconf 87' lang='lat' dir='ltr'>prorsus</span> <span class='ocrx_word' id='word_1_188' title='bbox 492 1873 572 1905; x_wconf 79' lang='lat' dir='ltr'>sides</span> <span class='ocrx_word' id='word_1_189' title='bbox 599 1874 629 1904; x_wconf 90' lang='lat' dir='ltr'>in</span> <span class='ocrx_word' id='word_1_190' title='bbox 658 1874 775 1906; x_wconf 83' lang='lat' dir='ltr'>iudicio</span> <span class='ocrx_word' id='word_1_191' title='bbox 794 1881 825 1907; x_wconf 89' lang='lat' dir='ltr'>et</span> <span class='ocrx_word' id='word_1_192' title='bbox 842 1880 931 1908; x_wconf 55' lang='lat' dir='ltr'>extra</span> 
     </span>
    </p>
   </div>
   <div class='ocr_carea' id='block_1_18' title="bbox 190 1925 954 2179">
    <p class='ocr_par' dir='ltr' id='par_1_18' title="bbox 190 1925 954 2028">
     <span class='ocr_line' id='line_1_40' title="bbox 191 1925 953 1968; baseline 0.001 -10"><span class='ocrx_word' id='word_1_193' title='bbox 191 1925 395 1965; x_wconf 79' lang='lat' dir='ltr'>adhibeatur,</span> <span class='ocrx_word' id='word_1_194' title='bbox 409 1935 492 1968; x_wconf 85' lang='lat' dir='ltr'>quae</span> <span class='ocrx_word' id='word_1_195' title='bbox 506 1925 736 1967; x_wconf 83' lang='lat' dir='ltr'>praesentibus</span> <span class='ocrx_word' id='word_1_196' title='bbox 750 1926 829 1968; x_wconf 88' lang='lat' dir='ltr'>ipsis</span> <span class='ocrx_word' id='word_1_197' title='bbox 843 1928 932 1959; x_wconf 83' lang='lat' dir='ltr'>adlii-</span> <span class='ocrx_word' id='word_1_198' title='bbox 952 1930 953 1937; x_wconf 64' lang='lat'>¹</span> 
     </span>
     <span class='ocr_line' id='line_1_41' title="bbox 190 1977 954 2028; baseline 0.003 -18"><span class='ocrx_word' id='word_1_199' title='bbox 190 1979 325 2011; x_wconf 89' lang='lat' dir='ltr'>beretur</span> <span class='ocrx_word' id='word_1_200' title='bbox 342 1979 366 2010; x_wconf 89' lang='lat' dir='ltr'>si</span> <span class='ocrx_word' id='word_1_201' title='bbox 386 1978 492 2011; x_wconf 77' lang='lat' dir='ltr'>forent</span> <span class='ocrx_word' id='word_1_202' title='bbox 509 1977 670 2010; x_wconf 78' lang='lat' dir='ltr'>exhibitae</span> <span class='ocrx_word' id='word_1_203' title='bbox 697 1979 744 2011; x_wconf 84' lang='lat' dir='ltr'>vel</span> <span class='ocrx_word' id='word_1_204' title='bbox 766 1984 927 2012; x_wconf 89' lang='lat' dir='ltr'>ostensae.</span> <span class='ocrx_word' id='word_1_205' title='bbox 952 2000 954 2028; x_wconf 56' lang='lat'>3,</span> 
     </span>
    </p>

    <p class='ocr_par' dir='ltr' id='par_1_19' title="bbox 191 2032 954 2179">
     <span class='ocr_line' id='line_1_42' title="bbox 234 2032 953 2074; baseline 0.001 -10"><span class='ocrx_word' id='word_1_206' title='bbox 234 2032 327 2074; x_wconf 60' lang='lat'><strong>3315.</strong></span> <span class='ocrx_word' id='word_1_207' title='bbox 361 2032 446 2064; x_wconf 85' lang='lat' dir='ltr'>Nulli</span> <span class='ocrx_word' id='word_1_208' title='bbox 479 2041 557 2074; x_wconf 81' lang='lat' dir='ltr'>ergo</span> <span class='ocrx_word' id='word_1_209' title='bbox 592 2032 726 2064; x_wconf 88' lang='lat' dir='ltr'>omnino</span> <span class='ocrx_word' id='word_1_210' title='bbox 759 2033 953 2065; x_wconf 74' lang='lat' dir='ltr'>bominunr</span> 
     </span>
     <span class='ocr_line' id='line_1_43' title="bbox 191 2084 954 2126; baseline 0.001 -10"><span class='ocrx_word' id='word_1_211' title='bbox 191 2084 287 2116; x_wconf 70' lang='lat' dir='ltr'>liceat</span> <span class='ocrx_word' id='word_1_212' title='bbox 307 2085 391 2116; x_wconf 78' lang='lat' dir='ltr'>banc</span> <span class='ocrx_word' id='word_1_213' title='bbox 416 2084 571 2126; x_wconf 77' lang='lat' dir='ltr'>paginam</span> <span class='ocrx_word' id='word_1_214' title='bbox 596 2090 729 2117; x_wconf 85' lang='lat' dir='ltr'>nostrae</span> <span class='ocrx_word' id='word_1_215' title='bbox 760 2085 931 2117; x_wconf 81' lang='lat' dir='ltr'>confirma·</span> <span class='ocrx_word' id='word_1_216' title='bbox 953 2118 954 2122; x_wconf 61' lang='grc'>,</span> 
     </span>
     <span class='ocr_line' id='line_1_44' title="bbox 192 2136 953 2179; baseline 0.001 -10"><span class='ocrx_word' id='word_1_217' title='bbox 192 2138 298 2176; x_wconf 75' lang='lat' dir='ltr'>tionis,</span> <span class='ocrx_word' id='word_1_218' title='bbox 325 2136 562 2174; x_wconf 76' lang='lat' dir='ltr'>innovationis,</span> <span class='ocrx_word' id='word_1_219' title='bbox 589 2137 852 2179; x_wconf 77' lang='lat' dir='ltr'>approbationis,</span> <span class='ocrx_word' id='word_1_220' title='bbox 879 2138 953 2170; x_wconf 62' lang='lat' dir='ltr'>ab-=</span> 
     </span>
    </p>
   </div>
   <div class='ocr_carea' id='block_1_19' title="bbox 190 2189 932 2648">
    <p class='ocr_par' dir='ltr' id='par_1_20' title="bbox 190 2189 932 2648">
     <span class='ocr_line' id='line_1_45' title="bbox 191 2189 930 2231; baseline 0.001 -9"><span class='ocrx_word' id='word_1_221' title='bbox 191 2190 374 2227; x_wconf 83' lang='lat' dir='ltr'>solutionis,</span> <span class='ocrx_word' id='word_1_222' title='bbox 394 2189 623 2231; x_wconf 76' lang='lat' dir='ltr'>exemptionis,</span> <span class='ocrx_word' id='word_1_223' title='bbox 648 2189 861 2229; x_wconf 81' lang='lat' dir='ltr'>liberationis,</span> <span class='ocrx_word' id='word_1_224' title='bbox 880 2202 930 2223; x_wconf 82' lang='lat' dir='ltr'>vo-</span> 
     </span>
     <span class='ocr_line' id='line_1_46' title="bbox 192 2241 930 2281; baseline -0.001 -5"><span class='ocrx_word' id='word_1_225' title='bbox 192 2243 331 2281; x_wconf 77' lang='lat' dir='ltr'>luntatis,</span> <span class='ocrx_word' id='word_1_226' title='bbox 359 2241 605 2280; x_wconf 72' lang='lat' dir='ltr'>declarationis,</span> <span class='ocrx_word' id='word_1_227' title='bbox 633 2242 754 2274; x_wconf 84' lang='lat' dir='ltr'>decreti</span> <span class='ocrx_word' id='word_1_228' title='bbox 780 2248 811 2274; x_wconf 81' lang='lat' dir='ltr'>et</span> <span class='ocrx_word' id='word_1_229' title='bbox 836 2244 930 2275; x_wconf 87' lang='lat' dir='ltr'>dero-</span> 
     </span>
     <span class='ocr_line' id='line_1_47' title="bbox 191 2294 930 2338; baseline -0.001 -10"><span class='ocrx_word' id='word_1_230' title='bbox 191 2295 332 2338; x_wconf 71' lang='lat' dir='ltr'>gationis</span> <span class='ocrx_word' id='word_1_231' title='bbox 368 2294 573 2336; x_wconf 73' lang='lat' dir='ltr'>infringere,</span> <span class='ocrx_word' id='word_1_232' title='bbox 600 2296 649 2326; x_wconf 86' lang='lat' dir='ltr'>vel</span> <span class='ocrx_word' id='word_1_233' title='bbox 690 2295 718 2326; x_wconf 89' lang='lat' dir='ltr'>ei</span> <span class='ocrx_word' id='word_1_234' title='bbox 758 2296 930 2328; x_wconf 83' lang='lat' dir='ltr'>temerario</span> 
     </span>
     <span class='ocr_line' id='line_1_48' title="bbox 190 2346 932 2389; baseline -0.001 -8"><span class='ocrx_word' id='word_1_235' title='bbox 190 2360 270 2381; x_wconf 83' lang='lat' dir='ltr'>ausu</span> <span class='ocrx_word' id='word_1_236' title='bbox 311 2346 501 2386; x_wconf 88' lang='lat' dir='ltr'>contraire;</span> <span class='ocrx_word' id='word_1_237' title='bbox 543 2347 567 2378; x_wconf 92' lang='lat' dir='ltr'>si</span> <span class='ocrx_word' id='word_1_238' title='bbox 603 2347 675 2389; x_wconf 82' lang='lat' dir='ltr'>quis</span> <span class='ocrx_word' id='word_1_239' title='bbox 721 2353 827 2379; x_wconf 86' lang='lat' dir='ltr'>autem</span> <span class='ocrx_word' id='word_1_240' title='bbox 869 2348 932 2380; x_wconf 81' lang='lat' dir='ltr'>hoc</span> 
     </span>
     <span class='ocr_line' id='line_1_49' title="bbox 190 2399 930 2442; baseline -0.003 -8"><span class='ocrx_word' id='word_1_241' title='bbox 190 2406 350 2434; x_wconf 85' lang='lat' dir='ltr'>attentare</span> <span class='ocrx_word' id='word_1_242' title='bbox 377 2399 651 2442; x_wconf 80' lang='lat' dir='ltr'>praesumpserit,</span> <span class='ocrx_word' id='word_1_243' title='bbox 670 2399 930 2441; x_wconf 79' lang='lat' dir='ltr'>indignationem</span> 
     </span>
     <span class='ocr_line' id='line_1_50' title="bbox 190 2452 931 2497; baseline -0.003 -10"><span class='ocrx_word' id='word_1_244' title='bbox 190 2453 426 2497; x_wconf 84' lang='lat' dir='ltr'>omnipotentis</span> <span class='ocrx_word' id='word_1_245' title='bbox 455 2452 510 2484; x_wconf 89' lang='lat' dir='ltr'>Dei</span> <span class='ocrx_word' id='word_1_246' title='bbox 538 2463 574 2484; x_wconf 87' lang='lat' dir='ltr'>ac</span> <span class='ocrx_word' id='word_1_247' title='bbox 598 2452 769 2484; x_wconf 87' lang='lat' dir='ltr'>beatorum</span> <span class='ocrx_word' id='word_1_248' title='bbox 796 2453 880 2485; x_wconf 81' lang='lat' dir='ltr'>Petri</span> <span class='ocrx_word' id='word_1_249' title='bbox 900 2459 931 2486; x_wconf 90' lang='lat' dir='ltr'>et</span> 
     </span>
     <span class='ocr_line' id='line_1_51' title="bbox 192 2505 930 2550; baseline -0.003 -10"><span class='ocrx_word' id='word_1_250' title='bbox 192 2507 279 2540; x_wconf 84' lang='lat' dir='ltr'>Pauli</span> <span class='ocrx_word' id='word_1_251' title='bbox 304 2506 529 2550; x_wconf 84' lang='lat' dir='ltr'>apostolorum</span> <span class='ocrx_word' id='word_1_252' title='bbox 556 2505 625 2537; x_wconf 86' lang='lat' dir='ltr'>eius</span> <span class='ocrx_word' id='word_1_253' title='bbox 654 2516 687 2537; x_wconf 79' lang='lat' dir='ltr'>sc</span> <span class='ocrx_word' id='word_1_254' title='bbox 720 2506 849 2538; x_wconf 79' lang='lat' dir='ltr'>noverit</span> <span class='ocrx_word' id='word_1_255' title='bbox 881 2507 930 2538; x_wconf 88' lang='lat' dir='ltr'>in-</span> 
     </span>
     <span class='ocr_line' id='line_1_52' title="bbox 191 2570 376 2593; baseline -0.005 -1"><span class='ocrx_word' id='word_1_256' title='bbox 191 2570 376 2593; x_wconf 88' lang='lat' dir='ltr'>cursurum.</span> 
     </span>
     <span class='ocr_line' id='line_1_53' title="bbox 263 2619 855 2648; baseline -0.005 0"><span class='ocrx_word' id='word_1_257' title='bbox 263 2622 341 2648; x_wconf 69' lang='lat' dir='ltr'>Ball.</span> <span class='ocrx_word' id='word_1_258' title='bbox 359 2623 438 2648; x_wconf 80' lang='lat' dir='ltr'>Rom.</span> <span class='ocrx_word' id='word_1_259' title='bbox 456 2636 486 2640; x_wconf 89' lang='lat'>—</span> <span class='ocrx_word' id='word_1_260' title='bbox 509 2621 568 2646; x_wconf 81' lang='lat' dir='ltr'>Vol.</span> <span class='ocrx_word' id='word_1_261' title='bbox 586 2619 677 2646; x_wconf 80' lang='lat' dir='ltr'>XXII.</span> <span class='ocrx_word' id='word_1_262' title='bbox 822 2622 855 2648; x_wconf 78' lang='lat'>38</span> 
     </span>
    </p>
   </div>
   <div class='ocr_carea' id='block_1_20' title="bbox 955 252 964 1456">
    <p class='ocr_par' dir='ltr' id='par_1_21' title="bbox 955 252 964 1456">
     <span class='ocr_line' id='line_1_54' title="bbox 955 252 964 1456; baseline 0 0"><span class='ocrx_word' id='word_1_263' title='bbox 955 252 964 1456; x_wconf 95' lang='lat' dir='ltr'> </span> 
     </span>
    </p>
   </div>
   <div class='ocr_carea' id='block_1_21' title="bbox 950 1873 957 2563">
    <p class='ocr_par' dir='ltr' id='par_1_22' title="bbox 950 1873 957 2563">
     <span class='ocr_line' id='line_1_55' title="bbox 950 1873 957 2563; baseline 0 0"><span class='ocrx_word' id='word_1_264' title='bbox 950 1873 957 2563; x_wconf 95' lang='lat' dir='ltr'> </span> 
     </span>
    </p>
   </div>
   <div class='ocr_carea' id='block_1_22' title="bbox 999 196 1126 220">
    <p class='ocr_par' dir='ltr' id='par_1_23' title="bbox 999 196 1126 220">
     <span class='ocr_line' id='line_1_56' title="bbox 999 196 1126 220; baseline 0.008 -1"><span class='ocrx_word' id='word_1_265' title='bbox 999 196 1053 219; x_wconf 80' lang='lat' dir='ltr'>xm</span> <span class='ocrx_word' id='word_1_266' title='bbox 1078 197 1126 220; x_wconf 81' lang='lat' dir='ltr'>PP.</span> 
     </span>
    </p>
   </div>
   <div class='ocr_carea' id='block_1_23' title="bbox 984 244 1723 390">
    <p class='ocr_par' dir='ltr' id='par_1_24' title="bbox 984 244 1723 390">
     <span class='ocr_line' id='line_1_57' title="bbox 1030 244 1723 286; baseline 0 -11"><span class='ocrx_word' id='word_1_267' title='bbox 1030 244 1142 276; x_wconf 84' lang='lat' dir='ltr'>Datum</span> <span class='ocrx_word' id='word_1_268' title='bbox 1168 244 1299 283; x_wconf 83' lang='lat' dir='ltr'>Romae,</span> <span class='ocrx_word' id='word_1_269' title='bbox 1321 244 1406 286; x_wconf 87' lang='lat' dir='ltr'>apud</span> <span class='ocrx_word' id='word_1_270' title='bbox 1432 244 1463 276; x_wconf 80' lang='lat' dir='ltr'>S.</span> <span class='ocrx_word' id='word_1_271' title='bbox 1480 244 1617 283; x_wconf 86' lang='lat' dir='ltr'>Petrum,</span> <span class='ocrx_word' id='word_1_272' title='bbox 1637 254 1723 276; x_wconf 85' lang='lat' dir='ltr'>anno</span> 
     </span>
     <span class='ocr_line' id='line_1_58' title="bbox 984 295 1722 335; baseline 0.001 -8"><span class='ocrx_word' id='word_1_273' title='bbox 984 295 1218 328; x_wconf 86' lang='lat' dir='ltr'>lucarnationis</span> <span class='ocrx_word' id='word_1_274' title='bbox 1236 297 1420 329; x_wconf 84' lang='lat' dir='ltr'>dominicae</span> <span class='ocrx_word' id='word_1_275' title='bbox 1434 305 1590 335; x_wconf 71' lang='lat' dir='ltr'>nnecxxv,</span> <span class='ocrx_word' id='word_1_276' title='bbox 1608 306 1637 328; x_wconf 81' lang='lat' dir='ltr'>lv</span> <span class='ocrx_word' id='word_1_277' title='bbox 1653 296 1722 329; x_wconf 88' lang='lat' dir='ltr'>idus</span> 
     </span>
     <span class='ocr_line' id='line_1_59' title="bbox 985 347 1699 390; baseline 0.004 -12"><span class='ocrx_word' id='word_1_278' title='bbox 985 347 1176 387; x_wconf 82' lang='lat' dir='ltr'>decembris,</span> <span class='ocrx_word' id='word_1_279' title='bbox 1195 348 1403 390; x_wconf 82' lang='lat' dir='ltr'>pontificatus</span> <span class='ocrx_word' id='word_1_280' title='bbox 1426 349 1528 381; x_wconf 88' lang='lat' dir='ltr'>nostri</span> <span class='ocrx_word' id='word_1_281' title='bbox 1554 359 1639 381; x_wconf 86' lang='lat' dir='ltr'>anno</span> <span class='ocrx_word' id='word_1_282' title='bbox 1665 359 1699 381; x_wconf 90' lang='lat' dir='ltr'>u.</span> 
     </span>
    </p>
   </div>
   <div class='ocr_carea' id='block_1_24' title="bbox 1018 408 1722 444">
    <p class='ocr_par' dir='ltr' id='par_1_25' title="bbox 1018 408 1722 444">
     <span class='ocr_line' id='line_1_60' title="bbox 1018 408 1722 444; baseline 0.004 -11"><span class='ocrx_word' id='word_1_283' title='bbox 1018 408 1079 433; x_wconf 86' lang='lat' dir='ltr'>Dat.</span> <span class='ocrx_word' id='word_1_284' title='bbox 1101 408 1145 435; x_wconf 86' lang='lat' dir='ltr'>die</span> <span class='ocrx_word' id='word_1_285' title='bbox 1166 410 1195 435; x_wconf 81' lang='lat' dir='ltr'>to</span> <span class='ocrx_word' id='word_1_286' title='bbox 1215 410 1368 436; x_wconf 85' lang='lat' dir='ltr'>decembris</span> <span class='ocrx_word' id='word_1_287' title='bbox 1387 410 1463 443; x_wconf 67' lang='lat'>¹725,</span> <span class='ocrx_word' id='word_1_288' title='bbox 1486 410 1582 444; x_wconf 77' lang='lat' dir='ltr'>pontis.</span> <span class='ocrx_word' id='word_1_289' title='bbox 1605 418 1676 436; x_wconf 85' lang='lat' dir='ltr'>anno</span> <span class='ocrx_word' id='word_1_290' title='bbox 1692 418 1722 437; x_wconf 88' lang='lat'>11.</span> 
     </span>
    </p>
   </div>
   <div class='ocr_carea' id='block_1_25' title="bbox 1260 474 1443 480">
    <p class='ocr_par' dir='ltr' id='par_1_26' title="bbox 1260 474 1443 480">
     <span class='ocr_line' id='line_1_61' title="bbox 1260 474 1443 480; baseline 0 0"><span class='ocrx_word' id='word_1_291' title='bbox 1260 474 1443 480; x_wconf 95' lang='lat' dir='ltr'> </span> 
     </span>
    </p>
   </div>
   <div class='ocr_carea' id='block_1_26' title="bbox 1335 531 1367 564">
    <p class='ocr_par' dir='ltr' id='par_1_27' title="bbox 1335 531 1367 564">
     <span class='ocr_line' id='line_1_62' title="bbox 1335 531 1367 564; baseline -0.031 0"><span class='ocrx_word' id='word_1_292' title='bbox 1335 531 1367 564; x_wconf 90' lang='lat' dir='ltr'>C.</span> 
     </span>
    </p>
   </div>
   <div class='ocr_carea' id='block_1_27' title="bbox 980 598 1723 808">
    <p class='ocr_par' dir='ltr' id='par_1_28' title="bbox 980 598 1723 739">
     <span class='ocr_line' id='line_1_63' title="bbox 980 598 1723 643; baseline 0.007 -14"><span class='ocrx_word' id='word_1_293' title='bbox 980 598 1177 631; x_wconf 64' lang='lat' dir='ltr'>Eaelenditur</span> <span class='ocrx_word' id='word_1_294' title='bbox 1195 601 1380 632; x_wconf 66' lang='lat' dir='ltr'>constitutio</span> <span class='ocrx_word' id='word_1_295' title='bbox 1396 601 1545 643; x_wconf 70' lang='lat' dir='ltr'>Greqorit&#39;</span> <span class='ocrx_word' id='word_1_296' title='bbox 1561 602 1662 640; x_wconf 86' lang='lat' dir='ltr'>XIII,</span> <span class='ocrx_word' id='word_1_297' title='bbox 1681 601 1723 633; x_wconf 83' lang='lat' dir='ltr'>ad</span> 
     </span>
     <span class='ocr_line' id='line_1_64' title="bbox 1025 652 1721 695; baseline 0.004 -13"><span class='ocrx_word' id='word_1_298' title='bbox 1025 656 1177 683; x_wconf 77' lang='lat' dir='ltr'>ornatum</span> <span class='ocrx_word' id='word_1_299' title='bbox 1204 652 1298 684; x_wconf 68' lang='lat' dir='ltr'>Urbis</span> <span class='ocrx_word' id='word_1_300' title='bbox 1330 654 1514 695; x_wconf 54' lang='lat' dir='ltr'>&lt;timendum</span> <span class='ocrx_word' id='word_1_301' title='bbox 1539 654 1652 693; x_wconf 73' lang='lat' dir='ltr'>edila,</span> <span class='ocrx_word' id='word_1_302' title='bbox 1680 654 1721 686; x_wconf 79' lang='lat' dir='ltr'>ad</span> 
     </span>
     <span class='ocr_line' id='line_1_65' title="bbox 1025 705 1508 739; baseline 0.006 -3"><span class='ocrx_word' id='word_1_303' title='bbox 1025 705 1184 737; x_wconf 69' lang='lat' dir='ltr'>civilatem</span> <span class='ocrx_word' id='word_1_304' title='bbox 1211 706 1473 738; x_wconf 74' lang='lat' dir='ltr'>Beneventanum</span> <span class='ocrx_word' id='word_1_305' title='bbox 1488 706 1508 739; x_wconf 81' lang='lat'>¹.</span> 
     </span>
    </p>

    <p class='ocr_par' dir='ltr' id='par_1_29' title="bbox 1162 775 1538 808">
     <span class='ocr_line' id='line_1_66' title="bbox 1162 775 1538 808; baseline 0.005 -8"><span class='ocrx_word' id='word_1_306' title='bbox 1162 775 1345 802; x_wconf 80' lang='lat' dir='ltr'>Benedictus</span> <span class='ocrx_word' id='word_1_307' title='bbox 1365 776 1538 808; x_wconf 83' lang='lat' dir='ltr'>episcopus,</span> 
     </span>
    </p>
   </div>
   <div class='ocr_carea' id='block_1_28' title="bbox 1097 820 1602 897">
    <p class='ocr_par' dir='ltr' id='par_1_30' title="bbox 1097 820 1602 897">
     <span class='ocr_line' id='line_1_67' title="bbox 1169 820 1531 854; baseline 0.003 -9"><span class='ocrx_word' id='word_1_308' title='bbox 1169 826 1272 845; x_wconf 90' lang='lat' dir='ltr'>servus</span> <span class='ocrx_word' id='word_1_309' title='bbox 1293 820 1531 854; x_wconf 16' lang='lat' dir='ltr'>servorumRDei,</span> 
     </span>
     <span class='ocr_line' id='line_1_68' title="bbox 1097 863 1602 897; baseline 0.004 -8"><span class='ocrx_word' id='word_1_310' title='bbox 1097 863 1133 889; x_wconf 87' lang='lat' dir='ltr'>ad</span> <span class='ocrx_word' id='word_1_311' title='bbox 1153 867 1333 897; x_wconf 82' lang='lat' dir='ltr'>perpetuam</span> <span class='ocrx_word' id='word_1_312' title='bbox 1354 865 1400 891; x_wconf 82' lang='lat' dir='ltr'>rei</span> <span class='ocrx_word' id='word_1_313' title='bbox 1421 865 1602 892; x_wconf 83' lang='lat' dir='ltr'>memoriam.</span> 
     </span>
    </p>
   </div>
   <div class='ocr_carea' id='block_1_29' title="bbox 980 924 1722 1181">
    <p class='ocr_par' dir='ltr' id='par_1_31' title="bbox 980 924 1722 1181">
     <span class='ocr_line' id='line_1_69' title="bbox 1024 924 1721 969; baseline 0.007 -14"><span class='ocrx_word' id='word_1_314' title='bbox 1024 924 1109 956; x_wconf 85' lang='lat' dir='ltr'>Inter</span> <span class='ocrx_word' id='word_1_315' title='bbox 1135 925 1260 957; x_wconf 85' lang='lat' dir='ltr'>divinae</span> <span class='ocrx_word' id='word_1_316' title='bbox 1298 925 1429 958; x_wconf 86' lang='lat' dir='ltr'>ultionis</span> <span class='ocrx_word' id='word_1_317' title='bbox 1461 927 1611 968; x_wconf 80' lang='lat' dir='ltr'>flagella,</span> <span class='ocrx_word' id='word_1_318' title='bbox 1640 938 1721 969; x_wconf 86' lang='lat' dir='ltr'>quae</span> 
     </span>
     <span class='ocr_line' id='line_1_70' title="bbox 981 976 1722 1021; baseline 0.007 -14"><span class='ocrx_word' id='word_1_319' title='bbox 981 976 1012 1008; x_wconf 90' lang='lat' dir='ltr'>in</span> <span class='ocrx_word' id='word_1_320' title='bbox 1044 978 1142 1009; x_wconf 83' lang='lat' dir='ltr'>saeris</span> <span class='ocrx_word' id='word_1_321' title='bbox 1168 978 1282 1011; x_wconf 85' lang='lat' dir='ltr'>litteris</span> <span class='ocrx_word' id='word_1_322' title='bbox 1318 985 1430 1011; x_wconf 83' lang='lat' dir='ltr'>contra</span> <span class='ocrx_word' id='word_1_323' title='bbox 1459 986 1590 1021; x_wconf 82' lang='lat' dir='ltr'>peccata</span> <span class='ocrx_word' id='word_1_324' title='bbox 1617 980 1722 1012; x_wconf 86' lang='lat' dir='ltr'>bomi-</span> 
     </span>
     <span class='ocr_line' id='line_1_71' title="bbox 981 1030 1722 1074; baseline 0.007 -13"><span class='ocrx_word' id='word_1_325' title='bbox 981 1040 1056 1062; x_wconf 90' lang='lat' dir='ltr'>num</span> <span class='ocrx_word' id='word_1_326' title='bbox 1076 1030 1289 1071; x_wconf 73' lang='lat' dir='ltr'>immittenda,</span> <span class='ocrx_word' id='word_1_327' title='bbox 1307 1032 1405 1074; x_wconf 87' lang='lat' dir='ltr'>inque</span> <span class='ocrx_word' id='word_1_328' title='bbox 1431 1032 1478 1064; x_wconf 81' lang='lat' dir='ltr'>Ss.</span> <span class='ocrx_word' id='word_1_329' title='bbox 1506 1033 1634 1065; x_wconf 85' lang='lat' dir='ltr'>Patrum</span> <span class='ocrx_word' id='word_1_330' title='bbox 1653 1045 1722 1066; x_wconf 80' lang='lat' dir='ltr'>nio-</span> 
     </span>
     <span class='ocr_line' id='line_1_72' title="bbox 981 1083 1720 1126; baseline 0.007 -13"><span class='ocrx_word' id='word_1_331' title='bbox 981 1083 1144 1115; x_wconf 88' lang='lat' dir='ltr'>numcntis</span> <span class='ocrx_word' id='word_1_332' title='bbox 1169 1094 1263 1126; x_wconf 79' lang='lat' dir='ltr'>saepe</span> <span class='ocrx_word' id='word_1_333' title='bbox 1298 1094 1433 1117; x_wconf 87' lang='lat' dir='ltr'>numero</span> <span class='ocrx_word' id='word_1_334' title='bbox 1467 1085 1610 1117; x_wconf 83' lang='lat' dir='ltr'>immissa</span> <span class='ocrx_word' id='word_1_335' title='bbox 1639 1096 1720 1118; x_wconf 92' lang='lat' dir='ltr'>nun-</span> 
     </span>
     <span class='ocr_line' id='line_1_73' title="bbox 980 1136 1718 1181; baseline 0.008 -15"><span class='ocrx_word' id='word_1_336' title='bbox 980 1136 1115 1175; x_wconf 82' lang='lat' dir='ltr'>ciantur,</span> <span class='ocrx_word' id='word_1_337' title='bbox 1144 1143 1356 1169; x_wconf 84' lang='lat' dir='ltr'>terraemotus</span> <span class='ocrx_word' id='word_1_338' title='bbox 1381 1148 1514 1179; x_wconf 76' lang='lat' dir='ltr'>magnos</span> <span class='ocrx_word' id='word_1_339' title='bbox 1542 1139 1718 1181; x_wconf 84' lang='lat' dir='ltr'>praecipuo</span> 
     </span>
    </p>
   </div>
   <div class='ocr_carea' id='block_1_30' title="bbox 974 1240 1719 2601">
    <p class='ocr_par' dir='ltr' id='par_1_32' title="bbox 974 1240 1719 2498">
     <span class='ocr_line' id='line_1_74' title="bbox 979 1240 1719 1283; baseline 0.008 -12"><span class='ocrx_word' id='word_1_340' title='bbox 979 1240 1052 1271; x_wconf 85' lang='lat' dir='ltr'>dum</span> <span class='ocrx_word' id='word_1_341' title='bbox 1078 1241 1261 1279; x_wconf 86' lang='lat' dir='ltr'>Beneventi,</span> <span class='ocrx_word' id='word_1_342' title='bbox 1289 1242 1435 1275; x_wconf 81' lang='lat' dir='ltr'>altissimi</span> <span class='ocrx_word' id='word_1_343' title='bbox 1461 1243 1516 1275; x_wconf 91' lang='lat' dir='ltr'>Dei</span> <span class='ocrx_word' id='word_1_344' title='bbox 1542 1244 1719 1283; x_wconf 80' lang='lat' dir='ltr'>voluntate,</span> 
     </span>
     <span class='ocr_line' id='line_1_75' title="bbox 978 1293 1719 1338; baseline 0.007 -15"><span class='ocrx_word' id='word_1_345' title='bbox 978 1293 1009 1324; x_wconf 92' lang='lat' dir='ltr'>iu</span> <span class='ocrx_word' id='word_1_346' title='bbox 1035 1294 1190 1335; x_wconf 86' lang='lat' dir='ltr'>pastorali</span> <span class='ocrx_word' id='word_1_347' title='bbox 1217 1295 1397 1327; x_wconf 86' lang='lat' dir='ltr'>ministerio</span> <span class='ocrx_word' id='word_1_348' title='bbox 1430 1296 1605 1338; x_wconf 85' lang='lat' dir='ltr'>praepositi</span> <span class='ocrx_word' id='word_1_349' title='bbox 1633 1297 1719 1329; x_wconf 74' lang='lat' dir='ltr'>ades-</span> 
     </span>
     <span class='ocr_line' id='line_1_76' title="bbox 978 1346 1716 1391; baseline 0.005 -14"><span class='ocrx_word' id='word_1_350' title='bbox 978 1356 1102 1383; x_wconf 79' lang='lat' dir='ltr'>setnus,</span> <span class='ocrx_word' id='word_1_351' title='bbox 1131 1346 1198 1377; x_wconf 86' lang='lat' dir='ltr'>eius</span> <span class='ocrx_word' id='word_1_352' title='bbox 1224 1347 1401 1388; x_wconf 84' lang='lat' dir='ltr'>potentiam</span> <span class='ocrx_word' id='word_1_353' title='bbox 1429 1354 1460 1380; x_wconf 86' lang='lat' dir='ltr'>et</span> <span class='ocrx_word' id='word_1_354' title='bbox 1486 1349 1716 1391; x_wconf 74' lang='lat' dir='ltr'>benignitatem</span> 
     </span>
     <span class='ocr_line' id='line_1_77' title="bbox 980 1399 1718 1444; baseline 0.007 -15"><span class='ocrx_word' id='word_1_355' title='bbox 980 1403 1027 1429; x_wconf 77' lang='lat' dir='ltr'>ter</span> <span class='ocrx_word' id='word_1_356' title='bbox 1047 1399 1215 1431; x_wconf 83' lang='lat' dir='ltr'>manil&#39;este</span> <span class='ocrx_word' id='word_1_357' title='bbox 1241 1400 1392 1440; x_wconf 75' lang='lat' dir='ltr'>vidimus,</span> <span class='ocrx_word' id='word_1_358' title='bbox 1414 1402 1476 1433; x_wconf 83' lang='lat' dir='ltr'>lioc</span> <span class='ocrx_word' id='word_1_359' title='bbox 1494 1403 1623 1444; x_wconf 78' lang='lat' dir='ltr'>tlagcllo</span> <span class='ocrx_word' id='word_1_360' title='bbox 1643 1413 1718 1435; x_wconf 87' lang='lat' dir='ltr'>con-</span> 
     </span>
     <span class='ocr_line' id='line_1_78' title="bbox 978 1453 1718 1490; baseline 0.008 -8"><span class='ocrx_word' id='word_1_361' title='bbox 978 1453 1077 1490; x_wconf 73' lang='lat' dir='ltr'>cussi;</span> <span class='ocrx_word' id='word_1_362' title='bbox 1097 1463 1169 1483; x_wconf 89' lang='lat' dir='ltr'>nam</span> <span class='ocrx_word' id='word_1_363' title='bbox 1190 1458 1221 1485; x_wconf 84' lang='lat' dir='ltr'>et</span> <span class='ocrx_word' id='word_1_364' title='bbox 1239 1453 1398 1486; x_wconf 85' lang='lat' dir='ltr'>civitatem</span> <span class='ocrx_word' id='word_1_365' title='bbox 1417 1461 1560 1487; x_wconf 90' lang='lat' dir='ltr'>nostram</span> <span class='ocrx_word' id='word_1_366' title='bbox 1576 1466 1718 1488; x_wconf 88' lang='lat' dir='ltr'>commo-</span> 
     </span>
     <span class='ocr_line' id='line_1_79' title="bbox 979 1504 1717 1546; baseline 0.007 -11"><span class='ocrx_word' id='word_1_367' title='bbox 979 1504 1071 1542; x_wconf 84' lang='lat' dir='ltr'>visse,</span> <span class='ocrx_word' id='word_1_368' title='bbox 1099 1506 1266 1546; x_wconf 73' lang='lat' dir='ltr'>potentiae</span> <span class='ocrx_word' id='word_1_369' title='bbox 1294 1506 1351 1538; x_wconf 80' lang='lat' dir='ltr'>l&#39;uit</span> <span class='ocrx_word' id='word_1_370' title='bbox 1378 1513 1409 1539; x_wconf 88' lang='lat' dir='ltr'>et</span> <span class='ocrx_word' id='word_1_371' title='bbox 1434 1507 1598 1545; x_wconf 69' lang='lat' dir='ltr'>firmasse,</span> <span class='ocrx_word' id='word_1_372' title='bbox 1624 1508 1717 1540; x_wconf 89' lang='lat' dir='ltr'>beni-</span> 
     </span>
     <span class='ocr_line' id='line_1_80' title="bbox 978 1556 1716 1602; baseline 0.008 -15"><span class='ocrx_word' id='word_1_373' title='bbox 978 1556 1130 1597; x_wconf 69' lang='lat' dir='ltr'>gnitatis:</span> <span class='ocrx_word' id='word_1_374' title='bbox 1157 1568 1220 1589; x_wconf 85' lang='lat' dir='ltr'>uon</span> <span class='ocrx_word' id='word_1_375' title='bbox 1249 1559 1333 1590; x_wconf 82' lang='lat' dir='ltr'>cuim</span> <span class='ocrx_word' id='word_1_376' title='bbox 1370 1566 1508 1591; x_wconf 75' lang='lat' dir='ltr'>mortem</span> <span class='ocrx_word' id='word_1_377' title='bbox 1535 1561 1716 1602; x_wconf 61' lang='lat' dir='ltr'>peccattu‘is</span> 
     </span>
     <span class='ocr_line' id='line_1_81' title="bbox 977 1609 1713 1652; baseline 0.008 -13"><span class='ocrx_word' id='word_1_378' title='bbox 977 1610 1041 1640; x_wconf 68' lang='lat' dir='ltr'>xult</span> <span class='ocrx_word' id='word_1_379' title='bbox 1068 1609 1164 1649; x_wconf 68' lang='lat' dir='ltr'>licus,</span> <span class='ocrx_word' id='word_1_380' title='bbox 1190 1610 1246 1642; x_wconf 83' lang='lat' dir='ltr'>scd</span> <span class='ocrx_word' id='word_1_381' title='bbox 1273 1621 1345 1642; x_wconf 90' lang='lat' dir='ltr'>eum</span> <span class='ocrx_word' id='word_1_382' title='bbox 1372 1613 1514 1644; x_wconf 78' lang='lat' dir='ltr'>converti</span> <span class='ocrx_word' id='word_1_383' title='bbox 1541 1619 1570 1644; x_wconf 87' lang='lat' dir='ltr'>et</span> <span class='ocrx_word' id='word_1_384' title='bbox 1597 1613 1713 1652; x_wconf 81' lang='lat' dir='ltr'>vivere,</span> 
     </span>
     <span class='ocr_line' id='line_1_82' title="bbox 978 1665 1713 1708; baseline 0.008 -15"><span class='ocrx_word' id='word_1_385' title='bbox 978 1666 1009 1694; x_wconf 87' lang='lat' dir='ltr'>ut</span> <span class='ocrx_word' id='word_1_386' title='bbox 1043 1665 1258 1695; x_wconf 72' lang='lat' dir='ltr'>terraemotus</span> <span class='ocrx_word' id='word_1_387' title='bbox 1295 1666 1423 1706; x_wconf 65' lang='lat' dir='ltr'>llagello</span> <span class='ocrx_word' id='word_1_388' title='bbox 1458 1672 1713 1708; x_wconf 77' lang='lat' dir='ltr'>praetereunte,</span> 
     </span>
     <span class='ocr_line' id='line_1_83' title="bbox 977 1718 1715 1756; baseline 0.007 -10"><span class='ocrx_word' id='word_1_389' title='bbox 977 1721 1080 1747; x_wconf 86' lang='lat' dir='ltr'>metus</span> <span class='ocrx_word' id='word_1_390' title='bbox 1110 1726 1173 1748; x_wconf 90' lang='lat' dir='ltr'>non</span> <span class='ocrx_word' id='word_1_391' title='bbox 1211 1722 1374 1756; x_wconf 76' lang='lat' dir='ltr'>transeat,</span> <span class='ocrx_word' id='word_1_392' title='bbox 1403 1718 1458 1750; x_wconf 83' lang='lat' dir='ltr'>sed</span> <span class='ocrx_word' id='word_1_393' title='bbox 1495 1719 1526 1750; x_wconf 92' lang='lat' dir='ltr'>in</span> <span class='ocrx_word' id='word_1_394' title='bbox 1563 1719 1715 1751; x_wconf 83' lang='lat' dir='ltr'>cordibus</span> 
     </span>
     <span class='ocr_line' id='line_1_84' title="bbox 977 1768 1716 1810; baseline 0.008 -12"><span class='ocrx_word' id='word_1_395' title='bbox 977 1768 1127 1809; x_wconf 77' lang='lat' dir='ltr'>supersit,</span> <span class='ocrx_word' id='word_1_396' title='bbox 1145 1779 1251 1810; x_wconf 82' lang='lat' dir='ltr'>eoque</span> <span class='ocrx_word' id='word_1_397' title='bbox 1270 1769 1422 1801; x_wconf 77' lang='lat' dir='ltr'>meliores</span> <span class='ocrx_word' id='word_1_398' title='bbox 1445 1771 1636 1802; x_wconf 79' lang='lat' dir='ltr'>ct&#39;liciamur.</span> <span class='ocrx_word' id='word_1_399' title='bbox 1657 1771 1716 1804; x_wconf 82' lang='lat' dir='ltr'>Ita-</span> 
     </span>
     <span class='ocr_line' id='line_1_85' title="bbox 976 1822 1714 1865; baseline 0.007 -13"><span class='ocrx_word' id='word_1_400' title='bbox 976 1831 1047 1862; x_wconf 76' lang='lat' dir='ltr'>que,</span> <span class='ocrx_word' id='word_1_401' title='bbox 1064 1822 1157 1853; x_wconf 87' lang='lat' dir='ltr'>tertio</span> <span class='ocrx_word' id='word_1_402' title='bbox 1184 1822 1287 1853; x_wconf 86' lang='lat' dir='ltr'>nostri</span> <span class='ocrx_word' id='word_1_403' title='bbox 1305 1822 1606 1865; x_wconf 79' lang='lat' dir='ltr'>arcbiepiscopatus</span> <span class='ocrx_word' id='word_1_404' title='bbox 1628 1835 1714 1857; x_wconf 73' lang='lat' dir='ltr'>{inno</span> 
     </span>
     <span class='ocr_line' id='line_1_86' title="bbox 977 1875 1716 1917; baseline 0.005 -11"><span class='ocrx_word' id='word_1_405' title='bbox 977 1880 1186 1915; x_wconf 87' lang='lat' dir='ltr'>recurrente,</span> <span class='ocrx_word' id='word_1_406' title='bbox 1215 1875 1246 1907; x_wconf 90' lang='lat' dir='ltr'>in</span> <span class='ocrx_word' id='word_1_407' title='bbox 1273 1875 1377 1917; x_wconf 78' lang='lat' dir='ltr'>prima</span> <span class='ocrx_word' id='word_1_408' title='bbox 1410 1877 1625 1909; x_wconf 78' lang='lat' dir='ltr'>concussione</span> <span class='ocrx_word' id='word_1_409' title='bbox 1658 1878 1716 1910; x_wconf 85' lang='lat' dir='ltr'>Be-</span> 
     </span>
     <span class='ocr_line' id='line_1_87' title="bbox 976 1927 1712 1969; baseline 0.004 -10"><span class='ocrx_word' id='word_1_410' title='bbox 976 1930 1155 1959; x_wconf 71' lang='lat' dir='ltr'>neventana&#39;t</span> <span class='ocrx_word' id='word_1_411' title='bbox 1182 1927 1381 1969; x_wconf 82' lang='lat' dir='ltr'>reliquarum</span> <span class='ocrx_word' id='word_1_412' title='bbox 1407 1938 1530 1961; x_wconf 86' lang='lat' dir='ltr'>summe</span> <span class='ocrx_word' id='word_1_413' title='bbox 1558 1929 1712 1969; x_wconf 83' lang='lat' dir='ltr'>terribili,</span> 
     </span>
     <span class='ocr_line' id='line_1_88' title="bbox 976 1979 1715 2023; baseline 0.005 -13"><span class='ocrx_word' id='word_1_414' title='bbox 976 1979 1066 2011; x_wconf 89' lang='lat' dir='ltr'>cuins</span> <span class='ocrx_word' id='word_1_415' title='bbox 1098 1980 1220 2012; x_wconf 88' lang='lat' dir='ltr'>mentio</span> <span class='ocrx_word' id='word_1_416' title='bbox 1252 1980 1493 2023; x_wconf 85' lang='lat' dir='ltr'>Omnipotentis</span> <span class='ocrx_word' id='word_1_417' title='bbox 1531 1981 1715 2015; x_wconf 84' lang='lat' dir='ltr'>misericor—</span> 
     </span>
     <span class='ocr_line' id='line_1_89' title="bbox 975 2032 1713 2075; baseline 0.005 -12"><span class='ocrx_word' id='word_1_418' title='bbox 975 2032 1060 2064; x_wconf 85' lang='lat' dir='ltr'>diam</span> <span class='ocrx_word' id='word_1_419' title='bbox 1086 2032 1180 2064; x_wconf 74' lang='lat' dir='ltr'>nobis</span> <span class='ocrx_word' id='word_1_420' title='bbox 1206 2033 1247 2065; x_wconf 85' lang='lat' dir='ltr'>ob</span> <span class='ocrx_word' id='word_1_421' title='bbox 1274 2034 1384 2065; x_wconf 87' lang='lat' dir='ltr'>oculos</span> <span class='ocrx_word' id='word_1_422' title='bbox 1410 2034 1526 2075; x_wconf 87' lang='lat' dir='ltr'>ponit,</span> <span class='ocrx_word' id='word_1_423' title='bbox 1555 2045 1612 2066; x_wconf 88' lang='lat' dir='ltr'>nos</span> <span class='ocrx_word' id='word_1_424' title='bbox 1643 2045 1713 2067; x_wconf 88' lang='lat' dir='ltr'>cum</span> 
     </span>
     <span class='ocr_line' id='line_1_90' title="bbox 976 2085 1711 2128; baseline 0.004 -12"><span class='ocrx_word' id='word_1_425' title='bbox 976 2090 1044 2116; x_wconf 87' lang='lat' dir='ltr'>toto</span> <span class='ocrx_word' id='word_1_426' title='bbox 1077 2085 1243 2127; x_wconf 75' lang='lat' dir='ltr'>episcopio</span> <span class='ocrx_word' id='word_1_427' title='bbox 1274 2087 1410 2127; x_wconf 82' lang='lat' dir='ltr'>prostati</span> <span class='ocrx_word' id='word_1_428' title='bbox 1444 2092 1475 2118; x_wconf 88' lang='lat' dir='ltr'>et</span> <span class='ocrx_word' id='word_1_429' title='bbox 1507 2088 1711 2128; x_wconf 86' lang='lat' dir='ltr'>consepulti,</span> 
     </span>
     <span class='ocr_line' id='line_1_91' title="bbox 974 2137 1712 2182; baseline 0.004 -13"><span class='ocrx_word' id='word_1_430' title='bbox 974 2137 1110 2169; x_wconf 74' lang='lat' dir='ltr'>brachio</span> <span class='ocrx_word' id='word_1_431' title='bbox 1135 2137 1259 2170; x_wconf 78' lang='lat' dir='ltr'>Excelsi</span> <span class='ocrx_word' id='word_1_432' title='bbox 1286 2143 1316 2170; x_wconf 89' lang='lat' dir='ltr'>ct</span> <span class='ocrx_word' id='word_1_433' title='bbox 1341 2139 1505 2180; x_wconf 85' lang='lat' dir='ltr'>praesenti</span> <span class='ocrx_word' id='word_1_434' title='bbox 1540 2150 1602 2182; x_wconf 90' lang='lat' dir='ltr'>ope</span> <span class='ocrx_word' id='word_1_435' title='bbox 1628 2141 1712 2173; x_wconf 84' lang='lat' dir='ltr'>beati</span> 
     </span>
     <span class='ocr_line' id='line_1_92' title="bbox 976 2190 1714 2232; baseline 0.004 -11"><span class='ocrx_word' id='word_1_436' title='bbox 976 2190 1117 2232; x_wconf 83' lang='lat' dir='ltr'>Philippi</span> <span class='ocrx_word' id='word_1_437' title='bbox 1142 2190 1227 2222; x_wconf 79' lang='lat' dir='ltr'>Nerii</span> <span class='ocrx_word' id='word_1_438' title='bbox 1253 2190 1462 2230; x_wconf 76' lang='lat' dir='ltr'>confessoris,</span> <span class='ocrx_word' id='word_1_439' title='bbox 1482 2192 1560 2224; x_wconf 86' lang='lat' dir='ltr'>cleri</span> <span class='ocrx_word' id='word_1_440' title='bbox 1587 2198 1617 2224; x_wconf 87' lang='lat' dir='ltr'>et</span> <span class='ocrx_word' id='word_1_441' title='bbox 1642 2192 1714 2225; x_wconf 83' lang='lat' dir='ltr'>civi-</span> 
     </span>
     <span class='ocr_line' id='line_1_93' title="bbox 976 2242 1712 2284; baseline 0.004 -11"><span class='ocrx_word' id='word_1_442' title='bbox 976 2242 1047 2274; x_wconf 87' lang='lat' dir='ltr'>tatis</span> <span class='ocrx_word' id='word_1_443' title='bbox 1074 2242 1212 2284; x_wconf 87' lang='lat' dir='ltr'>patroni,</span> <span class='ocrx_word' id='word_1_444' title='bbox 1240 2243 1324 2274; x_wconf 89' lang='lat' dir='ltr'>inter</span> <span class='ocrx_word' id='word_1_445' title='bbox 1349 2253 1538 2275; x_wconf 84' lang='lat' dir='ltr'>communes</span> <span class='ocrx_word' id='word_1_446' title='bbox 1564 2244 1712 2283; x_wconf 83' lang='lat' dir='ltr'>eiulatus,</span> 
     </span>
     <span class='ocr_line' id='line_1_94' title="bbox 975 2294 1712 2339; baseline 0.004 -13"><span class='ocrx_word' id='word_1_447' title='bbox 975 2305 1010 2326; x_wconf 78' lang='lat' dir='ltr'>ex</span> <span class='ocrx_word' id='word_1_448' title='bbox 1037 2294 1237 2327; x_wconf 88' lang='lat' dir='ltr'>lamentabili</span> <span class='ocrx_word' id='word_1_449' title='bbox 1264 2301 1372 2336; x_wconf 76' lang='lat' dir='ltr'>strage</span> <span class='ocrx_word' id='word_1_450' title='bbox 1405 2301 1435 2328; x_wconf 88' lang='lat' dir='ltr'>et</span> <span class='ocrx_word' id='word_1_451' title='bbox 1471 2296 1572 2328; x_wconf 84' lang='lat' dir='ltr'>ruinis</span> <span class='ocrx_word' id='word_1_452' title='bbox 1609 2297 1712 2339; x_wconf 86' lang='lat' dir='ltr'>erepti</span> 
     </span>
     <span class='ocr_line' id='line_1_95' title="bbox 974 2347 1712 2391; baseline 0.005 -13"><span class='ocrx_word' id='word_1_453' title='bbox 974 2347 1105 2379; x_wconf 80' lang='lat' dir='ltr'>fuimus.</span> <span class='ocrx_word' id='word_1_454' title='bbox 1124 2347 1186 2379; x_wconf 82' lang='lat' dir='ltr'>Sed</span> <span class='ocrx_word' id='word_1_455' title='bbox 1205 2353 1317 2380; x_wconf 85' lang='lat' dir='ltr'>contra</span> <span class='ocrx_word' id='word_1_456' title='bbox 1333 2348 1440 2380; x_wconf 90' lang='lat' dir='ltr'>evenit</span> <span class='ocrx_word' id='word_1_457' title='bbox 1464 2349 1712 2391; x_wconf 50' lang='lat' dir='ltr'>quamplurin’iis</span> 
     </span>
     <span class='ocr_line' id='line_1_96' title="bbox 975 2400 1713 2440; baseline 0.005 -9"><span class='ocrx_word' id='word_1_458' title='bbox 975 2400 1088 2432; x_wconf 87' lang='lat' dir='ltr'>ovibus</span> <span class='ocrx_word' id='word_1_459' title='bbox 1103 2400 1234 2440; x_wconf 84' lang='lat' dir='ltr'>nostris,</span> <span class='ocrx_word' id='word_1_460' title='bbox 1249 2401 1469 2433; x_wconf 74' lang='lat' dir='ltr'>aedificiorum</span> <span class='ocrx_word' id='word_1_461' title='bbox 1483 2403 1567 2434; x_wconf 88' lang='lat' dir='ltr'>mole</span> <span class='ocrx_word' id='word_1_462' title='bbox 1589 2403 1713 2435; x_wconf 88' lang='lat' dir='ltr'>obrutis</span> 
     </span>
     <span class='ocr_line' id='line_1_97' title="bbox 975 2452 1714 2498; baseline 0.005 -14"><span class='ocrx_word' id='word_1_463' title='bbox 975 2458 1005 2485; x_wconf 86' lang='lat' dir='ltr'>et</span> <span class='ocrx_word' id='word_1_464' title='bbox 1035 2452 1191 2484; x_wconf 79' lang='lat' dir='ltr'>extinctis.</span> <span class='ocrx_word' id='word_1_465' title='bbox 1225 2452 1390 2495; x_wconf 75' lang='lat' dir='ltr'>Siquidem</span> <span class='ocrx_word' id='word_1_466' title='bbox 1427 2460 1556 2496; x_wconf 83' lang='lat' dir='ltr'>praeter</span> <span class='ocrx_word' id='word_1_467' title='bbox 1587 2455 1714 2498; x_wconf 83' lang='lat' dir='ltr'>episco-</span> 
     </span>
    </p>

    <p class='ocr_par' dir='ltr' id='par_1_33' title="bbox 974 2522 1712 2601">
     <span class='ocr_line' id='line_1_98' title="bbox 1011 2522 1712 2557; baseline 0.004 -9"><span class='ocrx_word' id='word_1_468' title='bbox 1011 2524 1020 2548; x_wconf 94' lang='lat'>1</span> <span class='ocrx_word' id='word_1_469' title='bbox 1045 2522 1191 2549; x_wconf 81' lang='lat' dir='ltr'>Memorata</span> <span class='ocrx_word' id='word_1_470' title='bbox 1220 2522 1342 2557; x_wconf 80' lang='lat' dir='ltr'>Gregorii</span> <span class='ocrx_word' id='word_1_471' title='bbox 1373 2523 1428 2549; x_wconf 76' lang='lat' dir='ltr'>Xlll</span> <span class='ocrx_word' id='word_1_472' title='bbox 1460 2530 1546 2551; x_wconf 85' lang='lat' dir='ltr'>const.</span> <span class='ocrx_word' id='word_1_473' title='bbox 1574 2525 1645 2551; x_wconf 80' lang='lat' dir='ltr'>edita</span> <span class='ocrx_word' id='word_1_474' title='bbox 1664 2525 1712 2551; x_wconf 77' lang='lat' dir='ltr'>suit</span> 
     </span>
     <span class='ocr_line' id='line_1_99' title="bbox 974 2566 1278 2601; baseline 0 -9"><span class='ocrx_word' id='word_1_475' title='bbox 974 2573 1101 2600; x_wconf 60' lang='lat' dir='ltr'>ziorxxiv,</span> <span class='ocrx_word' id='word_1_476' title='bbox 1122 2566 1218 2601; x_wconf 77' lang='lat' dir='ltr'>pontis.</span> <span class='ocrx_word' id='word_1_477' title='bbox 1239 2573 1278 2592; x_wconf 83' lang='lat'>111.</span> 
     </span>
    </p>
   </div>
   <div class='ocr_carea' id='block_1_31' title="bbox 1619 186 1918 223">
    <p class='ocr_par' dir='ltr' id='par_1_34' title="bbox 1619 186 1918 223">
     <span class='ocr_line' id='line_1_100' title="bbox 1619 186 1918 223; baseline 0.013 -4"><span class='ocrx_word' id='word_1_478' title='bbox 1619 186 1683 219; x_wconf 70' lang='lat'>⁰297</span> <span class='ocrx_word' id='word_1_479' title='bbox 1730 196 1779 221; x_wconf 75' lang='lat' dir='ltr'>An.</span> <span class='ocrx_word' id='word_1_480' title='bbox 1801 196 1829 222; x_wconf 81' lang='lat' dir='ltr'>c.</span> <span class='ocrx_word' id='word_1_481' title='bbox 1850 195 1918 223; x_wconf 63' lang='lat'>¹795</span> 
     </span>
    </p>
   </div>
   <div class='ocr_carea' id='block_1_32' title="bbox 1758 934 1879 956">
    <p class='ocr_par' dir='ltr' id='par_1_35' title="bbox 1758 934 1879 956">
     <span class='ocr_line' id='line_1_101' title="bbox 1758 934 1879 956; baseline 0.008 -3"><span class='ocrx_word' id='word_1_482' title='bbox 1758 935 1784 954; x_wconf 63' lang='lat' dir='ltr'>Ex</span> <span class='ocrx_word' id='word_1_483' title='bbox 1795 934 1879 956; x_wconf 63' lang='lat' dir='ltr'>mliuir.</span> 
     </span>
    </p>
   </div>
  </div>
 </body>
</html>
