2170 3147
234 202 282 226 An.
300 201 330 228 c.
356 200 422 226 1723
471 191 534 224 72:4-
1019 200 1203 225 nucmmuu
1228 200 1385 225 nomnen
1969 202 2022 230 An.
2037 202 2066 231 G.
2083 203 2150 234 1728

604 250 791 277 Benedictus
811 249 895 283 Papa
915 249 994 282 XIII,
1197 255 1200 320 ἱ
1220 249 1363 282 iustitiae
1404 249 1717 284 administrationem
1757 250 1960 294 impediunt,
1973 265 2007 286 ma
2027 265 2098 288 nrm-is
2118 273 2149 291 ⁵0.

567 295 603 322 ³⁶¹
624 295 764 322 futuram
785 294 830 322 fei
853 295 1041 322 memmium·
1198 322 1199 340 ;
1220 302 1349 346 aliaque
1374 303 1570 346 multiplicia
1595 304 1801 337 incommoda
1825 315 1861 337 ac
1898 310 1962 336 tur·
1973 295 2149 344 3l332¹u¹5⁵s50⁰ffi2⁰3

1974 347 2004 365 tes
2047 348 2148 372 praesecto

293 368 419 388 canutam
475 357 538 399 gl.
567 357 656 396 Cum,
679 357 851 389 occasione
869 356 1113 389 constitutionis
1132 356 1177 389 se-
1220 355 1276 388 bas
1310 356 1482 395 adserunt,
1524 357 1699 396 dirimere,
1737 358 1898 400 simulque
1928 369 2150 401 Onam-spannia.

321 402 350 414 ιιι
376 379 419 413 UXil

235 395 317 414 lxm-im
446 412 451 416 .
477 411 482 415 .
700 411 704 416 .
760 411 763 414 .
983 410 1000 415 ..
1139 410 1143 415 v
1354 421 1358 422 ⁷
1602 411 1607 416 .
1695 411 1699 416 .
1721 411 1726 416 .
1890 412 1894 415 -
1936 411 1941 417 ·
1973 398 2076 424 [ΙοεῑυΙῐῦἰ.

236 428 290 446 aun-
347 411 501 454 mvaulicis
542 411 783 443 recordationis
820 411 1002 442 lnnocentu
1029 410 1088 442 ΡΙ).
1124 409 1176 441 Ml
1198 430 1199 443 ;
1221 420 1327 441 mnem
1348 410 1386 442 de
1405 416 1513 442 cetero
1533 411 1701 443 dubitandi
1720 422 1752 443 in
1771 422 1962 453 praemissis

235 448 299 519 iij'isT
347 448 694 519 rsisssslilsspraedecessoris
727 463 830 495 nostri
864 473 946 505 quae
980 462 1095 505 incipit
1119 463 1178 495 Ro·
1198 452 1199 491 l
1220 463 1427 496 occasionem
1463 465 1592 506 penitus
1629 465 1746 497 tollere
1771 465 1961 506 cupientes,

236 507 274 520 :us
361 508 385 519 o·
410 505 418 519 S

235 533 298 552 suppi-
384 526 548 555 1rj-mamts
572 516 744 558 Pontifex,
770 526 809 548 xv
842 516 999 548 kalendas
1032 515 1176 548 octobris
1198 516 1199 543 i

236 554 562 605 f-'Sffsfssllsffcf‘lliisnomen
590 569 706 607 editae,
741 580 800 612 per
833 580 930 612 quam
967 570 1052 602 idem
1079 569 1199 601 inno-1

237 612 243 623 l
303 614 317 624 '⁸
342 606 419 678 imi?
430 622 556 653 centius
582 622 818 664 praedecessor
840 622 1050 665 particularia
1076 618 1199 654 tribu-³

378 666 381 677 t
401 665 419 679 λ.

236 691 304 710 ρῳ..
331 685 358 704 aa
390 674 517 706 m-nalia
544 681 570 706 et
599 674 759 717 speciales
786 675 907 708 iudices
939 675 1052 717 vigore
1078 675 1176 718 privi-

1221 521 1317 559 atque
1343 526 1408 549 non
1435 517 1541 549 minus
1567 517 1605 549 ad
1632 517 1769 550 Romani
1796 517 1962 550 Pontificis

1221 579 1281 612 pro
1320 574 1466 612 tempore
1503 569 1673 602 existentis
1715 570 1812 602 decus
1851 575 1883 603 et
1917 571 1964 603 di-

1221 623 1378 664 gnitatem
1396 650 1403 661 ,
1431 633 1527 665 quam
1551 623 1591 655 ad
1617 622 1721 665 ipsius
1746 623 1858 666 palatii
1885 634 1962 667 apo-

1221 675 1326 707 stolici
1353 675 1528 718 providum
1554 675 1700 718 regimen
1725 681 1756 709 et
1787 676 1963 709 utilitatem

246 2324 274 2344 Ad
291 2330 327 2345 wa.
344 2325 427 2349 absquo

245 2352 306 2370 tollen
317 2352 336 2370 l.t
346 2357 382 2375 prr
390 2352 428 2370 lm*

281 2384 327 2397 ua<
358 2385 368 2396 ιι
398 2384 428 2396 ιτ·
442 2371 513 2403 lites
540 2379 571 2404 et
596 2374 846 2414 controversias,
881 2385 964 2417 quae
995 2382 1179 2418 promptam

237 703 346 731 rotuuiuuc
358 711 419 731 trdu-
489 727 494 732 .
660 728 680 741 η
789 728 794 733 .
925 728 929 732 .
979 728 984 733 .

432 728 591 770 legiorum
617 739 634 760 a
660 736 813 761 liomams
839 728 1048 761 Pontificibus
1083 739 1175 771 prae-

432 844 665 867 concessorum
691 834 724 866 in
749 834 843 867 Curia
870 835 1015 867 Romana
1040 840 1175 867 eatenus

432 886 608 919 constituta
623 893 654 920 et
678 887 875 920 constitutos
897 888 1088 930 suppressit,
1105 887 1177 920 abo-

433 939 507 972 levit
522 947 552 972 et
566 940 745 982 abrogavit,
763 940 999 983 privilegiaque
1015 940 1175 973 eiusmodi

432 993 471 1024 ad
496 993 579 1025 viani
605 999 637 1026 et
661 994 817 1026 terminos
849 993 927 1026 iuris
953 994 1097 1033 reduxit,
1124 1005 1177 1026 va-

433 1046 500 1078 riae
538 1045 719 1079 identidem
756 1047 894 1079 obortae
931 1046 995 1079 sint
1034 1047 1107 1079 lites
1145 1052 1176 1078 et

433 1099 675 1131 controversiae
701 1109 801 1142 super
833 1098 1056 1132 iurisdictione
1081 1109 1173 1142 prae-

433 1150 506 1183 fecti
532 1151 641 1194 palatii
667 1151 857 1194 apostolici,
885 1162 969 1194 quae
1003 1161 1062 1194 per
1095 1162 1176 1184 eam-

433 1204 506 1236 dem
533 1205 800 1237 constitutionem
826 1215 890 1237 nou
917 1215 1009 1237 secus
1035 1216 1071 1237 ac
1097 1205 1177 1238 alio-

433 1267 505 1288 rum
523 1257 771 1300 particularium
785 1257 929 1291 iudicum
948 1269 985 1290 ex
1005 1257 1176 1301 privilegio

434 1311 477 1343 ita
503 1311 630 1344 sublata
655 1311 753 1345 fuisse
774 1311 1043 1351 contendebatur,
1066 1317 1102 1343 ut
1118 1321 1178 1344 nec

433 1364 565 1407 quaevis
602 1375 770 1398 sacrorum
803 1375 966 1398 canonum
1000 1365 1177 1408 legumque

433 1416 578 1450 civilium
615 1418 799 1461 dispositio,
825 1428 885 1451 nec
921 1417 1069 1451 omnium
1110 1418 1176 1451 fere

434 1471 580 1512 gentium
623 1482 729 1504 mores
772 1477 804 1505 et
842 1482 1043 1514 consensus,
1069 1482 1177 1514 neque

435 1525 639 1565 quantumvis
665 1525 831 1567 longaeva,
856 1536 893 1558 ac
927 1525 1106 1558 scientibus
1146 1529 1179 1558 et

435 1576 651 1618 prudentibus
674 1578 983 1619 praedecessoribus
1002 1577 1178 1620 praedictis

435 1634 531 1662 antea
556 1636 681 1663 servata
712 1631 934 1669 consuetudo,
959 1641 996 1663 ac
1032 1631 1177 1663 eiusdem

435 1682 668 1716 iurisdictionis
694 1684 900 1723 exercitium,
926 1684 988 1727 ipsi
1014 1684 1178 1727 praefecto

435 1736 547 1778 palatii
573 1737 744 1780 apostolici
783 1737 956 1780 quicquam
993 1738 1032 1770 de
1069 1743 1178 1771 cetero

435 1789 589 1822 adversus
605 1796 814 1823 memoratam
834 1791 1101 1824 constitutionem
1117 1791 1179 1823 suf-

437 1843 553 1885 fragari
582 1850 731 1886 possent,
758 1850 871 1877 contra
889 1855 968 1877 vero
985 1845 1121 1877 crebrae
1139 1844 1176 1877 ad

435 1907 494 1930 nos
521 1898 745 1940 querimoniae
772 1899 898 1932 delatae
924 1898 1073 1939 fuissent,
1091 1909 1108 1931 a
1131 1909 1179 1932 rc—

437 1956 488 1983 eto
515 1951 631 1984 ordine
669 1957 699 1984 et
736 1951 862 1984 ratione
902 1952 1000 1994 plane
1038 1951 1178 1984 alienum

439 2014 532 2041 csse,
559 2015 671 2037 causas
706 2005 865 2037 interesse
891 2005 1037 2037 eiusdem
1068 2006 1179 2048 palatii

437 2057 603 2098 praesecto
623 2056 766 2100 agitari¹,
787 2058 1026 2100 familiaresque
1048 2064 1178 2090 nostros

437 2110 475 2141 ad
516 2110 683 2152 quaelibet
713 2112 816 2144 almae
853 2111 947 2143 Urbis
985 2111 1178 2150 tribunalia,

438 2171 501 2194 non
528 2162 597 2194 sine
622 2163 783 2206 obsequii,
804 2164 891 2206 quod
918 2164 1012 2196 uobis
1037 2169 1068 2196 et
1093 2165 1180 2206 pala-

438 2214 483 2246 tio
522 2215 690 2257 praedicto
732 2216 938 2259 impendunt,
981 2217 1179 2249 detrimento

439 2266 596 2300 distrahi:

483 2319 553 2360 §CL
583 2320 662 2353 llinc
698 2327 746 2353 est
781 2322 867 2364 quod
904 2332 983 2363 nos,
1019 2322 1179 2355 eiusmodi

478 2461 486 2483 1
507 2459 614 2486 Comma
629 2461 701 2487 istud
717 2461 904 2496 imperfectum
919 2471 979 2490 esse
994 2463 1179 2498 dignoscitur,

441 2502 532 2529 forsan
549 2504 693 2538 legendum
708 2513 811 2532 causas
826 2507 963 2534 interesse
979 2508 1107 2535 eiusdem
1124 2516 1180 2542 pa-

443 2547 510 2573 (alit
529 2552 731 2576 concernentes
750 2550 785 2576 ab
805 2551 874 2578 aliis
889 2559 979 2584 quarn
999 2560 1016 2579 α
1034 2553 1181 2586 praefecto

443 2592 553 2625 (tyllam
567 2596 604 2625 (tt.
624 2598 672 2625 r).

1197 733 1199 750 ⁴*
1221 740 1258 761 ac
1279 729 1441 762 dictorum
1467 729 1674 762 famiharium
1700 724 1963 762 commoditatem

432 781 660 813 decessoribus
695 781 762 814 suis
800 781 936 814 diversis
974 782 1199 824 temporibus³

1221 788 1353 815 nostrae
1390 783 1569 824 dirigentes
1609 783 1881 816 considerationis
1915 783 1963 815 in-

1222 835 1349 873 tuitum,
1376 836 1415 868 de
1453 837 1689 869 nonnullorum
1725 836 1963 869 venerabilium

1221 888 1354 920 fratrum
1380 895 1565 921 nostrorum
1591 889 1718 922 S.R.E.
1746 888 1962 921 cardinalium

1197 971 1199 981 ,
1221 941 1260 973 ad
1287 941 1318 973 id
1344 952 1361 973 a
1386 942 1481 974 nobis
1507 942 1692 984 specialiter
1717 942 1961 984 deputatorum,

1221 994 1275 1036 qui
1302 1005 1368 1026 rem
1394 995 1497 1037 ipsam
1523 1000 1649 1027 mature
1684 1004 1720 1027 ac
1751 994 1804 1026 diu
1839 993 1964 1026 discus-

1221 1052 1344 1086 serunt,
1381 1047 1529 1088 consilio‚
1570 1047 1749 1079 venerabili
1783 1046 1872 1079 fratri
1907 1046 1965 1080 Ca-

1220 1098 1309 1131 millo
1347 1100 1551 1142 patriarchae
1587 1098 1961 1142 Constantinopolitano,

1221 1152 1382 1184 moderno
1408 1163 1444 1185 ac
1469 1163 1527 1195 pro
1563 1158 1708 1195 tempore
1747 1152 1896 1185 existenti
1932 1163 1964 1185 e-

1222 1205 1347 1237 iusdem
1366 1206 1474 1248 palatii
1493 1206 1662 1249 apostolici
1678 1206 1843 1249 praesecto
1859 1205 1964 1248 (firma

1221 1259 1253 1291 in
1279 1258 1416 1301 reliquis
1454 1265 1645 1292 remanente
1682 1261 1831 1292 enarrata
1867 1259 1964 1292 Inno-

1222 1312 1320 1344 centii
1345 1312 1611 1354 praedecessoris
1643 1312 1905 1355 constitutione),
1931 1311 1964 1344 in

1222 1364 1391 1408 quibusvis
1417 1365 1521 1398 causis
1548 1365 1709 1398 interesse
1726 1365 1827 1408 ipsius
1853 1364 1963 1408 palatii

1222 1417 1392 1460 apostolici
1411 1418 1658 1461 quomodolibet
1676 1418 1964 1458 concernentibus,

1222 1471 1380 1511 civilibus,
1408 1471 1632 1505 criminalibus
1657 1477 1688 1505 et
1713 1471 1832 1512 mixtis,
1860 1471 1965 1504 omni-

1222 1524 1352 1557 modam
1378 1529 1408 1557 et
1434 1524 1633 1567 privativam,
1657 1535 1703 1565 ac,
1729 1523 1835 1567 quoad
1861 1523 1965 1557 delin-

1222 1581 1358 1620 quentes
1384 1579 1416 1610 in
1442 1579 1563 1620 palatio
1595 1578 1788 1621 apostolico,
1820 1577 1876 1611 ubi
1902 1578 1966 1611 Ro-

1222 1630 1308 1663 mani
1333 1631 1508 1664 Pontifices
1542 1641 1601 1674 pro
1634 1636 1781 1673 tempore
1805 1630 1963 1668 resident.

1223 1694 1278 1716 seu
1320 1694 1433 1717 corum
1476 1684 1674 1716 residentiae
1719 1685 1877 1726 deputato
1913 1685 1965 1717 vel

1223 1737 1429 1780 deputando,
1455 1742 1487 1770 et
1511 1737 1630 1770 delicta
1655 1737 1735 1770 inibi
1763 1741 1964 1780 perpetrata,

1222 1795 1322 1833 prout
1347 1800 1478 1832 quoque
1518 1790 1622 1832 quoad
1650 1789 1767 1823 delicta
1792 1790 1888 1823 etiam
1913 1800 1966 1822 ex-

1224 1848 1270 1875 tra
1296 1843 1451 1886 palatium
1478 1843 1666 1876 huiusmodi
1692 1843 1889 1886 ubicumque
1922 1843 1966 1875 in-

1224 1902 1271 1929 ter
1296 1903 1427 1930 nostros
1453 1903 1484 1930 et
1506 1896 1652 1929 eiusdem
1677 1895 1838 1930 pontificis
1875 1896 1966 1928 fami-

1224 1950 1319 1982 liares
1346 1950 1529 1990 commissa,
1563 1950 1745 1993 plenariam
1778 1954 1810 1982 ct
1834 1948 1965 1992 privati-

1223 2014 1293 2036 vam
1318 2003 1449 2044 itidem3
1477 2004 1510 2035 in
1524 2003 1652 2036 delictis
1673 2008 1794 2043 autem,
1814 2013 1896 2046 quae
1918 2013 1967 2035 ex-

1225 2063 1272 2090 tra
1288 2057 1407 2090 dietum
1433 2057 1589 2100 palatium
1612 2057 1697 2090 inter
1723 2056 1916 2089 familiarem
1934 2061 1966 2088 et

1224 2120 1288 2142 non
1315 2109 1506 2143 familiarem
1532 2110 1672 2142 admissa
1697 2109 1827 2148 fuerint,
1845 2109 1872 2141 si
1888 2118 1964 2141 reus

1225 2163 1322 2196 suerit
1358 2163 1543 2203 familiaris,
1569 2163 1722 2195 similiter
1756 2161 1966 2205 privativam,

1224 2217 1273 2248 siu
1300 2217 1417 2257 minus,
1442 2216 1670 2249 cumulativam
1696 2226 1769 2248 cum
1791 2215 1862 2248 aliis
1882 2214 1968 2248 iudi-

1224 2270 1315 2302 cibus
1340 2270 1532 2313 ceteroquin
1559 2269 1840 2312 competentibus;
1879 2267 1965 2311 quod

1224 2334 1302 2355 vero
1329 2323 1368 2355 ad
1395 2333 1507 2355 causas
1528 2322 1638 2355 civiles
1656 2321 1784 2362 attinet,
1803 2321 1857 2353 ubi
1876 2321 1967 2354 dum-

1226 2382 1312 2408 taxat
1352 2376 1518 2408 familiaris
1544 2376 1584 2407 sit
1623 2385 1698 2408 reus
1734 2381 1766 2407 et
1802 2374 1965 2408 executive

1226 2434 1349 2462 tantum
1376 2429 1592 2472 procedatur,
1619 2427 1809 2470 privativam
1835 2436 1965 2470 quoque

1225 2482 1496 2522 iurisdictionem,
1516 2492 1588 2514 cum
1610 2481 1760 2514 omnibus
1780 2486 1811 2514 et
1829 2479 1966 2522 singulis

1225 2536 1432 2569 facultatibus
1469 2535 1664 2569 necessariis
1697 2541 1728 2568 ct
1751 2533 1962 2577 opportunis,

1225 2590 1417 2624 auctoritate
1451 2589 1646 2632 apostolica,
1673 2593 1786 2622 tenore
1811 2596 1964 2630 praesen-
