2170 3147
0 253 16 273 ι.
32 244 63 272 C.
85 243 153 271 ¹725

0 1309 72 1330 {ausae
87 1313 147 1334 pras-

0 1336 30 1365 ·tjs
45 1336 149 1356 eon-titu-

0 1368 34 1382 un.

730 220 923 267 {ENEDICTUS
949 242 1004 266 XIII
1030 243 1077 266 PP.

157 291 273 324 minori
292 295 479 334 sumptuum
498 290 701 324 incommodo
716 291 892 330 discussae,

156 344 236 378 sicut
260 344 456 388 accepimus,
488 343 663 387 aliquando
690 344 727 376 ad
754 344 893 377 savorem

156 398 383 440 parochorum,
409 397 583 440 aliquando
614 402 720 429 autem
745 397 783 428 ad
810 396 895 428 favo-

155 461 222 484 rem
247 450 460 493 regularium,
483 459 541 492 pro
568 449 702 482 diversis
728 459 894 481 causarum

155 503 405 536 circumstantiis
433 508 528 546 atque
563 502 649 535 vario
681 501 894 534 iudicantium

156 566 260 596 sensu,
281 556 407 589 decisae
427 566 461 588 ac
479 555 630 589 definitae
650 554 792 587 fuerunt.
809 554 895 587 Haec

156 620 253 653 porro
280 609 494 642 iudicatorum
519 608 823 650 sententiarumque
849 607 896 639 di-

155 663 300 704 versitas,
324 673 394 695 cum
420 663 542 695 nullam
568 667 686 694 certam
720 672 755 693 ac
792 661 896 693 deter-

155 716 307 749 minatam
345 715 548 749 constituerit
581 715 726 757 regulam
765 714 795 747 in
823 725 895 747 cve-

155 769 322 802 nientibus
341 769 466 802 casibus
484 768 726 807 observandam,
741 777 893 810 magnum

155 824 250 867 plane
270 823 445 856 fomentum
463 828 494 855 et
511 832 621 855 ansam
638 821 810 864 relinquit,
829 821 893 853 imo

155 881 186 909 et
210 876 305 909 latam
331 875 444 908 sternit
468 875 551 907 viam
577 873 789 908 ulterioribus
810 873 894 906 inter

155 929 340 972 praedictos
366 929 533 971 regulares
551 933 582 960 et
600 928 761 971 parochos
782 926 892 960 litibus

155 987 186 1014 et
210 981 456 1020 controversiis,
483 991 519 1014 ex
542 981 656 1023 quibus
684 979 755 1023 ipsi,
781 980 833 1023 qui
860 979 891 1012 iu

156 1034 252 1067 domo
280 1034 333 1066 Dei
360 1034 524 1066 ambulare
555 1033 673 1066 debent
703 1043 773 1064 cum
808 1043 889 1065 con-

156 1096 268 1126 sensu,
296 1086 388 1119 novis
415 1087 453 1119 de
479 1091 588 1119 cetero
615 1085 798 1128 perturbari
834 1085 893 1118 dis-

156 1139 246 1173 sidiis
283 1139 438 1182 novisque
471 1139 674 1182 praegravari
711 1139 890 1181 dispendiis

156 1198 303 1236 possunt,
340 1203 412 1225 cum
439 1192 538 1225 divini
565 1192 671 1224 cultus
697 1192 891 1225 detrimento

157 1251 188 1278 et
211 1246 362 1278 scandalo
386 1245 614 1288 plurimorum.

201 1298 216 1341 ἓ
240 1298 268 1331 2.
294 1297 448 1337 Quocirca
472 1308 543 1337 nos,
575 1297 712 1331 maxime
738 1298 890 1341 expedire
912 1301 913 1313 ¹

158 1355 328 1384 censentes
354 1356 388 1382 ut
413 1350 570 1383 eiusmodi
597 1350 835 1383 controversiae
861 1356 892 1383 et

158 1403 232 1437 lites
259 1404 297 1436 ab
322 1403 465 1436 Ecclesia
482 1403 536 1436 Dei
555 1403 683 1446 penitus
708 1408 889 1444 arceantur,

157 1467 193 1489 ac
217 1456 361 1499 insuper,
388 1455 464 1488 licet
487 1455 656 1488 universos
681 1455 817 1488 Ordines
844 1466 892 1488 re-

157 1510 300 1553 gulares,
337 1509 370 1542 in
407 1509 534 1552 quibus,
572 1519 688 1552 nempe
714 1509 745 1541 in
772 1508 890 1541 Ordine

157 1563 291 1595 fratrum
315 1562 587 1602 Praedicatorum,
614 1572 671 1596 nos
695 1559 757 1605 ipsi
792 1562 892 1606 pluri—

157 1614 265 1649 mum⁴
291 1626 450 1649 annorum
477 1616 581 1659 spatio
617 1615 730 1649 versati
765 1626 890 1657 sumus,

157 1669 289 1713 speciali
316 1674 469 1712 paternae
490 1669 656 1701 charitatis
681 1668 796 1702 affectu
818 1679 890 1713 pro-

158 1731 343 1765 sequamur,
369 1732 501 1766 eosque,
522 1722 567 1754 uti
594 1722 632 1754 de
658 1722 809 1763 Ecclesia,
835 1722 890 1755 Ca·
911 1741 913 1751 ι

160 1775 279 1808 tholica
302 1775 379 1808 Fide
404 1781 434 1808 et
458 1775 539 1809 Sede
558 1775 743 1819 Apostolica
768 1775 889 1819 optime

159 1827 301 1868 meritos,
315 1828 491 1872 praecipuo
511 1838 640 1872 semper
657 1828 688 1861 in
707 1829 835 1862 honore
853 1840 890 1862 ac

160 1881 263 1924 pretio
282 1881 488 1914 babuerimus
514 1887 544 1914 et
564 1882 752 1922 habeamus,
773 1882 890 1915 nihilo-

162 1933 287 1973 minus,
324 1934 569 1967 considerantes
602 1935 841 1977 exemptionem
875 1946 891 1968 a

163 1986 324 2019 solutione
342 1993 473 2030 quartae
495 1988 648 2021 funeralis
670 1988 822 2031 praefatis
839 1988 892 2021 Or·
912 2020 913 2024 ,

163 2037 291 2071 dinibus
315 2049 332 2071 a
356 2039 440 2072 dicta
457 2040 642 2083 Apostolica
659 2041 738 2074 Sede
759 2052 892 2074 conces·
912 2048 913 2055 ¹

163 2101 231 2124 sam
257 2092 352 2124 modo
376 2103 510 2135 vergere
536 2093 567 2126 in
601 2094 772 2127 maximum
799 2105 914 2142 parog

164 2143 300 2176 chorum
321 2144 561 2187 praeiudicium,
580 2152 644 2179 tum
663 2152 796 2190 propter
816 2149 893 2181 mul-
912 2143 914 2185 l

164 2195 396 2239 tiplicatiouem
423 2204 636 2230 conventuum
674 2204 705 2231 et
735 2205 893 2232 monaste—

163 2249 285 2282 riorum
311 2250 525 2292 regularium,
548 2256 613 2283 tum
640 2252 736 2285 etiam
760 2259 894 2296 propter

162 2306 286 2334 auctam
323 2302 529 2335 devotionem
565 2308 596 2335 et
630 2305 894 2337 consuetudinem

162 2353 304 2388 fidelium
324 2356 520 2399 sepulturam
540 2356 679 2399 eligendi
700 2357 732 2389 in
750 2358 895 2390 ecclesiis

162 2408 403 2450 praedictorum
441 2409 660 2452 regularium,
687 2420 722 2443 ac
757 2410 895 2453 proinde

162 2470 227 2494 non
263 2462 360 2495 modo
397 2468 669 2503 consentaneum,
706 2463 760 2496 sed
800 2463 893 2496 etiam

162 2514 382 2547 necessarium
420 2516 614 2548 arbitrantes
649 2521 684 2548 ut
707 2517 893 2550 eorumdem

161 2567 400 2611 parochorum,
440 2568 555 2612 quihus
591 2568 779 2612 ceteroquin
812 2570 893 2603 sacri

199 2631 209 2657 1
227 2629 381 2665 Legendum
392 2630 525 2665 plurium
541 2630 578 2658 vel
591 2631 791 2666 pluri-morum
802 2631 892 2668 (am).

1566 232 1633 265 149
1681 240 1733 267 An.
1750 240 1777 269 c.
1802 241 1868 268 1725

914 290 1079 324 'canones
1112 296 1143 324 et
1174 291 1281 334 prisca
1312 290 1471 324 Ecclesiae
1504 290 1674 333 disciplina

938 348 1046 385 aperte
1073 343 1298 386 suffragantur,
1326 343 1528 376 indemnitati
1555 353 1675 386 oppor-

939 401 1015 428 tune
1037 397 1231 436 consulatur,
1259 401 1289 428 et
1315 396 1474 429 antedicta
1499 396 1676 439 apostolica

938 448 1107 491 privilegia
1146 449 1185 482 ad
1227 449 1398 492 aequitatis
1431 449 1551 482 limites
1581 450 1677 482 redu-

939 506 1066 533 cantur:

982 554 997 596 ἓ
1023 553 1054 586 3.
1083 554 1165 586 Hinc
1189 554 1287 597 igitur
1306 560 1353 587 est
1369 555 1455 598 quod
1475 565 1545 595 nos,
1569 555 1677 587 omnia
1736 564 1870 589 pauonum

939 611 971 639 et.
996 607 1123 649 singula
1144 613 1322 640 memorata
1339 608 1510 651 privilegia
1527 592 1871 650 exempti-rsiiidf'fifflsuiux-

1687 647 1798 670 emptionis
1815 649 1870 663 nvm-

938 670 974 691 va
992 670 1009 692 a
1027 660 1191 692 solutione
1209 665 1341 703 quartae
1363 660 1528 700 funeralis,
1549 660 1712 703 quibus-pn
1729 677 1740 690 a
1763 670 1870 689 ,su-tntum

939 712 985 745 vis
1010 712 1195 752 Ordinibus,
1223 713 1535 755 congregationibus
1561 723 1598 745 ac
1630 698 1870 748 in-ffima‘isii'q'i'ilii'f'

939 765 1059 798 stitutis
1081 766 1285 808 regularibus
1303 766 1342 798 ab
1363 766 1551 809 Apostolica
1577 765 1672 805 Sede,

938 824 972 851 ut
996 819 1188 862 praefertur,
1208 818 1475 862 quandocumque
1493 823 1525 851 et
1542 829 1675 862 quomo-

939 871 1123 915 documque
1153 882 1321 909 concessa,
1348 871 1578 914 praesentibus
1612 881 1674 914 pro

915 922 916 940 ³
938 925 1032 968 plene
1059 931 1091 958 et
1108 925 1306 958 sufficienter
1323 924 1484 968 expressis
1504 925 1675 965 habentes,

938 989 974 1011 ac
999 978 1037 1011 de
1064 989 1176 1011 eorum
1203 984 1318 1011 tenore
1344 984 1373 1011 et
1400 978 1581 1011 substantia
1598 978 1675 1011 satis

937 1042 1101 1075 superque
1127 1032 1285 1073 instructi,
1308 1033 1346 1065 de
1371 1033 1602 1065 nonnullorum
1628 1042 1676 1064 ve-

936 1084 1130 1117 nerabilium
1159 1085 1294 1117 fratrum
1320 1091 1506 1118 nostrorum
1532 1085 1562 1118 S.
1584 1085 1621 1117 R.
1642 1085 1673 1117 E.

936 1137 1159 1178 cardinalium,
1182 1143 1213 1170 et
1238 1137 1361 1181 aliquot
1385 1138 1481 1171 etiam
1509 1138 1674 1171 Romanae

935 1189 1046 1223 Curiae
1072 1191 1288 1234 praelatorum
1314 1202 1330 1223 a
1358 1192 1452 1224 nobis
1478 1192 1515 1224 ad
1542 1192 1572 1224 id
1599 1201 1673 1234 spe-

935 1244 1058 1277 cialiter
1083 1245 1311 1287 deputatorum
1336 1245 1486 1284 consilio,
1514 1244 1676 1277 suadenti-

935 1288 995 1330 bus
1021 1297 1117 1330 etiam
1144 1297 1305 1341 episcopis
1323 1304 1349 1330 et
1373 1298 1444 1330 aliis
1464 1297 1674 1331 ecclesiarum

935 1350 1087 1393 praelatis
1128 1350 1160 1382 in
1199 1351 1360 1393 praesenti
1402 1360 1494 1383 sacro
1534 1349 1675 1383 concilio

935 1403 1150 1446 congregatis,
1165 1414 1200 1436 ac
1218 1404 1351 1446 insuper
1368 1409 1454 1436 motu
1473 1403 1619 1446 proprio,
1637 1413 1673 1435 ex

935 1458 1022 1489 certa
1045 1455 1181 1489 scientia
1213 1467 1249 1488 ac
1281 1458 1405 1488 matura
1437 1455 1674 1489 deliberatione

935 1509 1068 1550 nostris,
1085 1509 1189 1552 deque
1206 1509 1405 1552 apostolicae
1421 1509 1590 1552 potestatis
1607 1509 1675 1552 ple-

935 1562 1092 1602 nitudine,
1122 1563 1183 1595 hac
1209 1564 1318 1595 nostra
1351 1568 1511 1605 perpetuo
1541 1562 1675 1594 valitura

935 1615 1180 1655 constitutione,
1194 1616 1369 1658 praemissa
1384 1616 1491 1648 onmia
1507 1614 1675 1658 privilegia

935 1668 1041 1711 quoad
1075 1673 1220 1711 quartam
1259 1668 1437 1701 funeralem
1470 1673 1592 1701 tantum
1616 1678 1674 1711 pro

935 1721 1014 1754 locis
1041 1721 1122 1754 infra
1148 1721 1364 1764 exprimendis
1389 1721 1608 1762 moderamur,
1627 1730 1676 1753 re-

936 1775 1122 1815 formamus,
1141 1775 1178 1808 ad
1199 1773 1300 1807 viam⁴
1320 1774 1399 1807 iuris
1418 1774 1612 1815 reducimus,
1633 1780 1674 1814 et,

935 1834 1095 1872 quatenus
1121 1838 1201 1871 opus
1229 1828 1280 1867 sit,
1309 1828 1404 1861 etiam
1430 1838 1618 1861 revocamus
1644 1833 1676 1860 et

935 1881 1144 1924 abrogamus,
1188 1891 1292 1924 neque
1333 1880 1481 1924 cuiquam
1523 1880 1676 1924 deinceps

935 1934 1102 1977 suffragari
1129 1944 1225 1977 posse
1250 1935 1296 1967 vel
1317 1934 1436 1967 debere
1455 1933 1673 1967 decernimus.

979 1989 993 2032 ἓ
1018 1988 1049 2021 4.
1078 1988 1245 2021 Praeterea
1271 1993 1375 2027 motu,
1403 1987 1539 2021 scientia
1565 1992 1595 2020 et
1620 1991 1871 2043 1³0-„,‡,'‚3²¹,¹,;'‚⁰,t„>,‚::{

936 2041 1058 2075 testatis
1083 2041 1286 2084 plenitudine
1312 2041 1471 2074 similibus
1498 2035 1871 2096 sancimus,3¹:¹¹3,s,3·'ij,=33,11·321

935 2095 1104 2127 statuimus
1130 2100 1161 2127 et
1186 2094 1443 2134 mandanu1s,ut
1467 2094 1499 2126 in
1521 2093 1611 2126 Italia
1637 2092 1849 2126 ei-12¹·⁴·²t¹'0¹¹=¹·u=·

936 2157 999 2189 que
1025 2146 1249 2179 adiacentibus
1271 2146 1398 2186 insulis,
1418 2157 1434 2179 a
1455 2145 1506 2179 die
1531 2145 1677 2189 publica-

938 2199 1034 2232 tionis
1059 2199 1242 2242 praesentis
1268 2199 1513 2232 constitutionis
1539 2199 1569 2231 in
1597 2198 1677 2231 futu-

938 2263 1019 2292 rum,
1045 2253 1201 2296 parochis
1227 2252 1466 2291 defunctorum,
1494 2251 1546 2295 qui
1572 2251 1604 2284 in
1629 2261 1677 2283 ec-

938 2306 1046 2338 clesiis
1068 2316 1346 2348 quorumcumque
1365 2306 1565 2348 regularium
1591 2315 1677 2347 prae-

939 2359 1100 2391 dictorum
1127 2358 1381 2397 tumulabuntur,
1412 2358 1618 2400 persolvatur
1649 2361 1678 2390 et

940 2421 1011 2443 cum
1028 2409 1143 2443 effectu
1158 2411 1304 2442 tradatur
1319 2415 1430 2453 quarta
1445 2420 1519 2453 pars
1534 2411 1678 2443 omnium

939 2463 1177 2496 intorticiorum
1197 2469 1228 2495 et
1245 2463 1461 2503 candelarum,
1484 2463 1598 2506 quibus
1625 2463 1678 2495 de-

938 2516 1036 2548 functi
1063 2516 1201 2549 cadavcr
1235 2516 1265 2548 in
1298 2516 1412 2548 itinere
1444 2516 1481 2548 ad
1508 2516 1675 2549 ecclesiam

938 2569 1151 2602 tumulantem
1166 2567 1517 2608 associatum-‚necnon
1532 2568 1676 2601 omnium

974 2632 982 2657 l
1008 2630 1075 2658 Edit.
1094 2630 1172 2657 main.
1191 2630 1255 2665 legit
1271 2631 1359 2657 vitam
1375 2639 1423 2665 pro
1440 2630 1517 2657 viam
1533 2630 1573 2664 (n.
1591 2630 1638 2666 12).
