2170 3147
239 259 288 284 An.
309 258 336 282 c⁴
363 257 430 283 ¹726
477 249 540 281 416

434 307 543 346 electi,
572 307 662 339 linito
688 306 832 340 triennio
847 317 911 349 quo
930 305 1110 340 confirmati
1129 306 1176 338 so-

434 365 519 398 rent,
548 360 580 391 in
595 360 659 392 alio
679 361 752 393 loco
776 360 807 391 iu
826 360 1019 402 superiores
1038 359 1128 401 eligi,
1145 364 1177 391 et

433 412 494 445 ad*
516 413 604 446 aliud
632 412 807 445 triennium
826 423 862 445 ex
890 418 965 446 tune
986 412 1175 445 immediate

434 476 575 508 sequens
594 465 789 505 confirmari,
806 476 841 498 ac
863 470 924 498 tam
940 465 1000 509 ipsi
1017 476 1112 509 quam
1127 475 1177 498 eo-

434 529 505 550 rum
532 518 610 551 socii
631 529 689 561 pro
711 525 857 561 tempore
879 519 1058 552 existentes
1086 518 1178 551 vesti-

432 576 541 604 menta
551 582 621 604 cum
637 571 772 604 manicis
792 582 892 615 super
909 572 1042 615 pallium
1058 571 1178 605 exertis

434 624 579 663 deferre,
605 634 640 657 ac
668 630 730 656 tam
756 625 842 657 circa
870 625 1064 658 vestimenta
1082 635 1176 668 quam

434 677 520 710 circa
536 677 758 710 caeremonias
774 677 805 710 in
819 677 933 711 officiis
948 678 1176 711 ecclesiasticis

434 736 466 763 et
491 730 617 773 reliquo
648 730 731 763 vitae
761 731 847 763 cultu
874 736 905 763 et
935 732 1018 764 victu
1048 741 1178 764 servan-

434 783 515 816 das²
539 794 611 815 eum
637 784 784 816 moribus
803 789 834 817 et
851 784 1073 817 laudabilibus
1099 795 1178 817 con-

435 837 667 870 suetudinibus
684 836 880 870 clericorum
893 837 1031 870 civitatis
1051 842 1083 870 et
1103 838 1177 877 loci,

433 890 465 922 in
481 900 543 933 qua
557 900 612 922 seu
633 900 697 933 quo
710 889 721 905 ³
739 900 794 923 eos
812 900 871 934 pro
893 895 1039 934 tempore
1059 890 1177 932 degere

434 945 483 976 vel
502 942 620 976 morari
640 943 830 986 contigerit,
851 943 1042 983 convenire,
1065 954 1100 975 ac
1119 944 1177 975 sub

434 997 574 1039 singulis
600 997 794 1040 praepositis
829 997 1150 1040 archipresbyterum
1168 1023 1175 1036 ,

434 1051 487 1093 qui
514 1049 546 1081 in
573 1048 815 1092 spiritualibus,
833 1054 863 1082 et
881 1048 1173 1088 archidIaconum,

435 1103 490 1145 qui
510 1102 543 1134 in
570 1102 807 1145 temporalibus
828 1107 999 1145 praessent
1017 1106 1177 1135 eteorum

435 1166 545 1188 curam
572 1156 753 1196 haberent,
775 1166 811 1189 ac
837 1155 1015 1198 plebanum
1029 1181 1036 1195 ,
1056 1155 1110 1198 qui
1129 1166 1178 1188 ou-

434 1219 503 1241 ram
529 1209 711 1242 animarum
737 1209 784 1241 eis
803 1209 1029 1242 imminentem
1049 1218 1178 1241 exerce-

435 1268 503 1304 ret,
533 1263 655 1305 eligere
679 1264 836 1302 valerent,
865 1267 896 1294 et
921 1261 1008 1295 omni
1028 1266 1178 1304 tempore

434 1317 467 1349 in
492 1316 723 1349 benedictione
750 1325 881 1348 mensae
908 1315 1066 1358 psalmum
1091 1314 1179 1347 Lau-

434 1369 509 1402 date
533 1369 714 1402 Dominum
739 1379 847 1402 omnes
871 1373 1001 1412 pentes,
1030 1373 1105 1408 etc„
1132 1379 1179 1402 re-

435 1423 549 1465 citare,
562 1434 622 1456 nec
633 1424 671 1456 ad
688 1423 785 1456 alium
800 1424 960 1467 psalmum
974 1423 1177 1456 recitandum

435 1487 568 1520 quoquo
595 1477 692 1510 modo
719 1480 938 1517 tenerentur,
965 1477 1119 1520 quodque
1145 1477 1178 1509 in

436 1541 549 1563 eorum
586 1531 735 1573 capitulis
773 1531 821 1563 illi
860 1535 983 1563 tantum
1002 1558 1008 1570 ,
1046 1531 1100 1574 qui
1138 1531 1178 1564 ad

436 1583 467 1616 id
494 1584 697 1627 capitulatim
729 1584 860 1617 admissi
897 1585 1027 1624 forent,
1066 1595 1178 1617 rocem

436 1637 616 1677 haberent,
637 1643 667 1670 et
692 1637 758 1676 alii,
777 1642 812 1669 ut
829 1637 1027 1680 praefertur,
1046 1647 1110 1670 non
1128 1638 1178 1670 ad·

435 1690 545 1730 missi,
571 1690 603 1723 in
630 1701 667 1723 eo
685 1691 818 1723 minime
838 1691 1036 1723 intervenire
1054 1696 1108 1723 aut
1126 1701 1180 1723 vo-

436 1754 506 1777 cem
539 1744 664 1776 liabere
695 1748 854 1786 possent,
883 1743 980 1776 etiam
1017 1749 1178 1787 perpetuo

435 1797 551 1830 statuit
565 1802 596 1830 et
610 1797 790 1837 ordinavit;
810 1808 848 1830 ac
868 1797 1005 1840 insuper
1020 1797 1076 1837 eis,
1091 1799 1178 1842 quod

435 1850 589 1883 omnibus
615 1856 646 1883 et
671 1850 810 1893 singulis
838 1850 1041 1894 privilegiis,
1072 1851 1178 1885 indul-

435 1903 554 1946 gentiis
573 1931 580 1944 ‚
608 1903 846 1947 praerogativis
863 1931 870 1944 ,
905 1904 1178 1947 exemptionibus,

434 1956 704 1996 immunitatibus,
727 1956 840 1999 gratiis
870 1961 902 1990 et
929 1956 1066 1990 indultis
1097 1968 1178 2001 quo-

434 2010 554 2043 rumvis
580 2010 678 2043 etiam
701 2009 974 2044 Cistcrciensibus
997 2017 1029 2044 et
1053 2010 1179 2045 Clunia-

434 2063 615 2096 censibus⁴
647 2064 819 2096 monachis
853 2074 889 2097 ac
913 2064 1051 2097 aliorum
1081 2065 1177 2098 etiam

434 2116 689 2149 Mendicantium
714 2116 872 2149 Ordinum
905 2117 1081 2158 fratribus,
1115 2124 1178 2152 tam

434 2169 467 2202 in
493 2169 719 2213 spiritualibus
745 2180 841 2213 quam
866 2170 899 2202 in
925 2170 1176 2214 temporalibus,

433 2223 466 2256 in
492 2224 602 2267 specie
629 2225 677 2257 vel
704 2224 736 2256 in
774 2233 896 2267 genere
914 2252 921 2263 ‚
960 2225 1057 2258 etiarn
1089 2236 1178 2258 com-

433 2277 652 2318 municative,
679 2288 739 2321 per
763 2288 985 2322 quoscumque
1011 2278 1177 2313 Romanos

434 2330 606 2363 Pontifices
636 2331 910 2374 praedecessores
934 2342 1030 2372 suos,
1058 2337 1089 2365 et
1117 2344 1177 2377 pro

434 2383 550 2416 talibus
577 2383 708 2417 habitos
725 2411 734 2424 ,
762 2394 798 2417 ac
827 2384 944 2418 Sedem
976 2385 1178 2429 praedictam

469 2481 480 2505 1
504 2480 659 2514 Praeposit.
681 2480 719 2506 ad
739 2488 788 2507 nos
810 2480 938 2508 addimus
958 2481 994 2516 (n.
1018 2483 1069 2515 T.).

468 2523 484 2549 2
505 2523 577 2550 Edit.
599 2525 684 2551 Maiu.
708 2525 775 2560 legit
795 2526 946 2553 servandis
965 2527 1004 2560 (R.
1021 2527 1070 2560 T.).

470 2568 485 2595 3
498 2568 616 2595 Pessime
627 2567 692 2596 edit.
703 2569 786 2597 tllain.
797 2570 862 2604 legit
874 2579 943 2605 quos
952 2579 1000 2606 pro
1018 2580 1073 2606 quo
1085 2571 1176 2606 (ἱππ).

467 2614 485 2639 4
504 2613 599 2640 Potius
623 2613 682 2649 lege
711 2614 912 2643 cisterciensis
932 2619 958 2643 et
976 2616 1178 2645 Cluniacensz's

432 2661 463 2685 ut
482 2657 636 2685 monuimus
656 2666 738 2694 supra
757 2666 819 2694 pag.
837 2659 887 2688 405
903 2660 928 2694 b,
946 2663 1009 2688 nota
1024 2660 1039 2687 2
1057 2663 1093 2696 (a.
1110 2661 1158 2695 r.).

1026 258 1207 282 BULLARIUM
1234 257 1389 281 nOMANUM

1969 261 2016 287 An.
2037 260 2067 288 G.
2089 261 2154 290 172⁶

1220 305 1472 349 quomodolibet
1497 306 1662 340 concessis
1688 312 1721 340 et
1745 306 1777 339 in
1797 311 1964 350 posterum

1219 358 1454 399 concedendis,
1481 364 1512 392 et
1537 360 1656 402 quibus
1683 359 1731 392 illi
1759 364 1824 392 tam
1850 359 1883 391 in
1900 359 1964 392 vita

1220 423 1317 455 quam
1341 412 1375 445 in
1401 413 1513 445 mortis
1540 412 1678 446 articulo
1698 440 1705 452 ‚
1746 412 1843 445 etiam
1879 411 1964 446 circa

1219 471 1431 508 peccatorum
1458 465 1668 498 remissiones
1694 471 1726 498 et
1746 465 1965 499 iniunctarum

1219 517 1496 560 poenitentiarum
1522 518 1765 558 relaxationes,
1799 523 1852 550 aut
1884 517 1963 551 alias

1220 570 1487 613 quomodolibet,
1506 571 1566 611 uti,
1582 571 1681 614 potiri
1699 576 1731 604 et
1748 571 1890 614 gaudere
1909 581 1964 615 po-

1221 628 1329 656 terant
1354 629 1407 657 aut
1431 628 1563 668 possent
1589 624 1838 667 quomodolibet
1862 624 1894 657 in
1919 625 1965 658 su-

1222 681 1338 717 turum,
1353 677 1521 721 perpetuis
1542 677 1656 710 suturis
1676 677 1881 720 temporibus
1898 682 1964 711 ute-

1220 734 1343 770 rentur,
1372 731 1556 773 potirentur
1569 735 1600 763 et
1618 731 1812 774 gauderent,
1831 740 1963 764 necnon

1220 782 1353 816 illorum
1379 783 1525 816 omnium
1550 784 1728 827 participes
1745 793 1816 817 esse
1829 790 1964 827 possent

1221 840 1252 868 et
1278 835 1446 876 deberent,
1466 836 1624 877 indulsit3
1651 848 1689 870 ae
1713 836 1896 880 privilegia,
1919 837 1964 870 in-

1222 887 1424 931 dulgentias,
1442 889 1702 932 praerogativas,
1726 889 1963 932 exemptiones,

1220 941 1465 982 immunitates,
1491 942 1612 985 gratias
1638 948 1671 975 et
1695 942 1824 976 indulta
1850 952 1964 976 mona-

1221 994 1292 1027 eliis
1319 1000 1349 1027 et
1375 995 1528 1028 fratribus
1555 995 1742 1039 praedictis,
1764 1001 1829 1028 tam
1848 995 1879 1028 in
1900 995 1964 1039 spi-

1221 1048 1391 1081 ritualibus
1417 1059 1513 1092 quam
1538 1049 1570 1081 in
1604 1049 1839 1093 temporalibus
1857 1076 1865 1090 ‚
1897 1054 1963 1082 tarn

1221 1100 1254 1133 in
1279 1102 1387 1144 specie
1413 1112 1509 1145 quam
1534 1102 1567 1134 in
1594 1112 1715 1145 genere
1731 1129 1738 1143 ,
1766 1102 1862 1135 etiam
1880 1112 1963 1135 com-

1221 1154 1414 1187 municative
1440 1165 1598 1188 concessa
1616 1182 1623 1196 ‚
1648 1160 1683 1187 ut
1707 1155 1904 1199 praefertur,
1923 1155 1963 1189 ad

1222 1216 1279 1239 eos
1307 1206 1454 1240 extendit
1478 1212 1510 1241 et
1534 1207 1716 1252 ampliavit,
1736 1218 1773 1241 ac
1797 1207 1830 1240 in
1856 1207 1901 1241 eis
1916 1208 1963 1242 lo-

1221 1271 1292 1293 cum
1319 1261 1442 1295 habere
1474 1266 1506 1294 et
1538 1272 1631 1295 suum
1668 1261 1852 1305 plenarium
1885 1261 1963 1295 effe-

1221 1318 1307 1346 ctum
1334 1314 1446 1362 sortiri
1474 1315 1594 1348 debere
1621 1315 1766 1348 decrevit
1790 1319 1822 1348 et
1857 1315 1963 1348 decla-

1222 1368 1303 1401 ravit
1329 1379 1389 1411 per
1413 1369 1556 1412 reliquas
1580 1379 1653 1402 suas
1680 1369 1712 1401 in
1733 1368 1838 1402 forma
1854 1368 1963 1402 Brevis

1222 1422 1348 1455 litteras
1364 1434 1371 1463 ;

1267 1476 1311 1509 Ae
1336 1477 1546 1520 postmodum
1565 1477 1762 1510 recolendae
1785 1477 1962 1511 memoriae
1975 1490 2053 1511 norum
2069 1491 2157 1521 roseam

1222 1528 1339 1562 Paulus
1365 1529 1424 1563 Pr.
1448 1529 1506 1570 lll,
1534 1535 1566 1562 et
1591 1529 1740 1563 similiter
1772 1529 1964 1573 praedeces·
1975 1523 2158 1591 ῗιῖᾙωῗῑνῖξῖῗέἶ

1975 1576 2096 1591 etsut'antlt
2122 1577 2158 1592 au·

1222 1594 1277 1617 sor
1302 1588 1433 1624 noster,
1456 1584 1546 1616 vivae
1580 1583 1668 1616 vocis
1694 1584 1826 1617 oraculo
1858 1583 1963 1617 eidem
1976 1597 1989 1626 μ
2013 1597 2156 1628 iii-smnus

1222 1638 1322 1671 Paulo
1347 1637 1384 1670 IV
1408 1637 1659 1681 praedecessori
1680 1664 1687 1677 ,
1715 1636 1809 1670 etc.¹.
1976 1629 1995 1644 ¹⁰
2017 1629 2086 1649 *mma
2109 1629 2157 1645 Μ’

1975 1650 2085 1671 stitutione
2103 1651 2157 1672 Pau·

1975 1677 1990 1698 li
1998 1676 2024 1698 tv
2037 1678 2078 1698 iam
2088 1677 2156 1699 retati.

1256 1700 1353 1727 Datum
1373 1700 1489 1734 Romae,
1511 1699 1582 1735 apud
1602 1699 1630 1726 S.
1649 1699 1768 1734 Petrum,
1785 1707 1856 1727 anno
1872 1699 1966 1726 Incar-

1221 1745 1338 1772 nationis
1358 1744 1510 1771 dominicae
1535 1750 1657 1778 mntxvn,
1680 1743 1770 1771 idibus
1783 1746 1792 1761 ¹
1813 1743 1964 1777 februarii,

1221 1790 1396 1825 pontificatus
1415 1788 1503 1816 nostri
1525 1797 1596 1816 anno
1617 1796 1636 1815 11
1649 1792 1670 1815 ³.

1266 1853 1280 1896 ἓ
1305 1851 1336 1885 8.
1370 1851 1460 1885 Aliae
1496 1851 1643 1885 eiusdem
1676 1850 1721 1884 Pii
1747 1851 1877 1885 litterae
1902 1852 1964 1885 hae
1975 1863 2158 1911 densukgffirzecffi:

1222 1905 1314 1938 ΞΗΠῙ,Α
1331 1916 1338 1939 ζ
1975 1917 2058 1937 stitutio
2072 1932 2077 1940 .
2116 1922 2157 1943 qua

1264 1958 1349 1992 Pius
1374 1958 1551 2002 episcopus,
1572 1968 1681 1992 servus
1701 1969 1866 1992 servorum
1891 1958 1962 1999 Dei,
1975 1942 2133 1999 ss'fflssmssassff
2134 1949 2157 1991 ’ζ

1221 2012 1263 2044 ad
1285 2016 1479 2056 perpetuam
1512 2013 1559 2045 rei
1593 2012 1795 2045 memoriam.
1827 1996 2124 2046 Romanimu‘ahbm'

1222 2065 1388 2098 Pontilicis
1406 2065 1614 2109 providentia
1632 2066 1866 2110 circumspecta
1880 2066 1966 2099 circa

1222 2123 1343 2152 statum
1392 2129 1608 2162 personarum
1653 2119 1875 2163 quarumlibet
1911 2119 1962 2152 di-

1221 2172 1295 2206 vino
1339 2172 1440 2206 cultui
1489 2173 1746 2216 mancipatarum
1790 2173 1965 2206 salubriter

1221 2226 1430 2269 dirigendum
1457 2227 1593 2269 paterna
1616 2226 1838 2259 sollicitudine
1862 2226 1966 2260 liben-

1222 2284 1270 2313 ter
1305 2278 1463 2323 prospicit
1501 2284 1533 2312 et
1562 2279 1724 2321 intendit,
1755 2290 1791 2313 ac
1827 2289 1961 2321 earum,

1257 2397 1265 2422 1
1300 2395 1414 2430 Reliqua
1443 2395 1497 2422 iam
1526 2394 1698 2429 omittimus,
1727 2395 1790 2431 quia
1818 2395 1903 2423 habes
1935 2395 1964 2422 in

1220 2442 1287 2466 tom.
1308 2446 1363 2474 vu,
1385 2448 1446 2475 pag.
1467 2439 1518 2466 538
1538 2448 1556 2466 a
1577 2440 1588 2474 ἓ
1608 2439 1625 2466 3
1645 2443 1672 2466 et
1691 2447 1749 2475 seq.
1770 2439 1809 2474 (n.
1825 2440 1873 2474 r).

1255 2484 1272 2510 Ξ).
1292 2483 1358 2511 lllale
1379 2484 1443 2511 edit.
1465 2484 1544 2510 Maiu.
1567 2484 1632 2519 legit
1650 2491 1677 2511 iv
1697 2484 1762 2511 idus
1777 2485 1817 2517 (n.
1833 2485 1882 2512 ΤΛ.

1255 2528 1270 2555 3
1290 2528 1358 2555 Male
1379 2528 1444 2555 edit.
1467 2528 1550 2555 Main.
1572 2528 1636 2563 legit
1656 2536 1728 2555 anno
1749 2534 1777 2554 111
1794 2528 1833 2561 (n.
1850 2528 1899 2562 T.).

1256 2573 1271 2599 4
1292 2572 1362 2600 Istae
1382 2577 1409 2600 et
1428 2580 1506 2608 seqq.
1526 2572 1648 2608 Gregorii
1664 2572 1730 2605 XIV,
1747 2572 1825 2599 Pauli
1847 2572 1874 2607 V,
1896 2572 1963 2601 Gre-

1219 2617 1287 2651 gorii
1303 2616 1345 2643 XV
1362 2617 1468 2644 litterae
1484 2617 1605 2644 nondum
1621 2617 1721 2644 relatae
1737 2616 1844 2643 fuerant
1858 2617 1887 2643 in
1902 2617 1962 2645 Bul-

1219 2661 1296 2697 tario,
1308 2660 1431 2698 adeoque
1442 2669 1488 2690 eas
1499 2669 1547 2698 per
1558 2664 1698 2690 extensum
1713 2660 1858 2689 referimus
1868 2662 1959 2698 (nm).
