2170 3147
235 253 281 277 Αιι.
300 252 328 277 c.
354 251 419 276 1795
466 241 529 274 ‘2220

1007 247 1185 273 BULLARIUM
1211 246 1365 272 ROMANUM

429 299 467 331 lis
485 300 515 331 in
536 310 574 331 eo
597 297 753 341 professis
774 296 926 330 fratribus
947 307 1006 340 pro
1026 302 1173 340 tempore
1217 295 1459 330 Olivetanorum
1477 296 1672 338 Ordinibus,
1702 297 1839 341 aliisque
1866 295 1956 330 fami*-

428 353 466 384 ad
493 352 637 394 captivos
670 351 878 384 redimendos
905 350 1114 390 transmissis,
1142 355 1173 384 et
1217 349 1267 383 liis
1295 355 1325 382 et.
1350 350 1559 384 societatibus
1586 351 1799 393 regularibus,
1817 349 1954 391 militiis,

429 405 579 448 capitulis
601 404 818 447 generalibus,
845 404 993 448 personis
1019 404 1173 447 regulari-
1193 420 1195 460 A*

428 459 497 496 bus,
525 458 669 497 novitiis,
695 457 868 496 conversis,
888 457 1023 496 donatis,
1043 457 1172 496 oblatis,
1193 461 1195 480 ³

428 512 604 550 ministris,
630 511 756 543 famulis
793 511 1054 554 quibuscumque
1071 538 1078 550 ,
1109 516 1170 543 tam
1192 483 1195 569 i

427 564 592 596 osticiariis
631 575 726 607 quam
765 563 966 604 domesticis,
992 569 1024 596 et
1059 571 1194 609 eorum}

429 618 581 650 domibus
610 617 873 657 inservientibus,
894 623 925 650 et
950 617 1069 650 ceteris
1095 617 1171 650 dicti
1193 648 1194 657 ,

426 670 556 703 Ordinis
576 682 611 703 ac
631 671 716 703 illius
739 671 909 703 domorum
929 676 960 703 et
975 670 1171 713 regularium
1192 708 1194 723 Ι

426 725 574 757 locorum
622 724 774 767 personis
816 724 1075 767 quibuscumque
1111 735 1171 767 pro
1192 731 1194 757 ζ

428 782 575 820 tempore
599 777 824 816 existentibus,
851 787 976 810 necnon
1004 776 1172 820 quibusvis
1193 797 1195 811 t

428 831 500 863 aliis
530 831 680 874 personis
696 841 735 864 ac
753 830 1022 864 christifidelibus
1041 830 1171 864 illorum

429 885 583 917 ecclesias
609 895 664 917 seu
691 885 833 927 capellas
866 895 924 928 pro
951 889 1099 927 tempore
1133 874 1195 916 vi-'

427 938 609 978 sitantibus,
632 943 665 970 ut
690 937 840 971 omnibus
864 942 895 970 et
919 937 1055 980 singulis
1074 936 1172 981 privi-

427 992 533 1034 legiis,
552 992 766 1032 libertatibus,
785 990 1056 1031 immunitatibus,
1071 1002 1173 1024 exem-

426 1045 608 1087 ptionibus,
643 1044 927 1088 praeeminentiis,
958 1044 1168 1077 autelationi—

426 1097 497 1137 bus,
523 1097 799 1137 concessionibus,
827 1096 972 1136 indultis,
999 1096 1171 1137 favoribus,

426 1150 662 1192 indulgentiis,
692 1150 828 1193 aliisque
865 1150 1104 1193 praerogativis
1142 1155 1174 1182 et

427 1205 538 1247 gratiis
557 1203 716 1236 universis
731 1209 761 1236 et
775 1203 923 1246 singulis,
939 1209 1001 1235 tam
1020 1202 1173 1246 spiritua-

428 1258 512 1289 libus
538 1267 631 1300 quam
653 1255 899 1300 temporalibus,
917 1255 1053 1298 singulis
1074 1256 1174 1289 domi-

428 1312 515 1351 bus,
543 1310 757 1344 conventibus
793 1315 823 1343 et
859 1309 929 1343 aliis
967 1309 1173 1353 regularibus

427 1365 506 1397 locis
520 1376 555 1397 ac
574 1364 724 1408 personis
748 1370 810 1396 tam
829 1363 1062 1396 canonicorum
1078 1373 1172 1406 quam

429 1418 620 1452 clericorum
636 1417 834 1461 regularium
850 1417 952 1450 ubivis
967 1417 1173 1450 existentium

429 1471 599 1512 institutis,
625 1476 655 1504 et
681 1481 745 1504 non
772 1472 875 1504 solum
899 1469 1086 1509 Ordinibus,
1107 1480 1174 1502 mo-

427 1525 592 1565 nasteriis,
614 1525 671 1558 sed
698 1525 796 1558 etiam
823 1524 1028 1568 regularibus
1056 1523 1175 1557 Mendi-

429 1579 570 1612 cantium
598 1586 628 1612 et
654 1590 719 1612 non
744 1578 1006 1618 Mendicantium,
1029 1583 1092 1610 tam
1114 1588 1173 1621 pro

429 1633 630 1665 redimendis
656 1632 790 1676 captivis
816 1643 912 1675 quam
937 1632 1015 1665 alias
1041 1642 1174 1675 quomo-

429 1686 553 1719 dolibet
576 1686 687 1719 Ordini
710 1686 762 1719 SS.
789 1685 955 1718 Trinitatis
977 1685 1174 1728 redemptio-

429 1739 478 1772 nis
504 1739 717 1782 capdvorum,
742 1739 893 1782 illiusque
913 1738 1076 1777 domibus,
1097 1749 1173 1772 con-

429 1793 578 1825 ventibus
604 1799 633 1826 et
661 1792 834 1833 fratribus,
860 1802 989 1826 necnon
1021 1791 1172 1825 omnibus

429 1853 461 1879 et
485 1847 742 1890 quibuscumque
777 1846 1090 1889 congregationibus
1116 1856 1173 1879 re-

429 1900 617 1942 gularibus,
646 1907 675 1933 et
701 1900 877 1943 praecipue
903 1899 1095 1933 clericorum
1122 1909 1174 1932 re-

430 1954 589 1995 gularium
617 1953 754 1986 Infirmis
780 1953 1038 1991 Ministrantium,
1065 1958 1097 1985 et
1121 1963 1173 1985 ca-

430 2008 621 2038 nonicorum
639 2007 909 2049 Congregationis
923 2006 976 2039 SS.
997 2005 1172 2039 Salvatoris

429 2060 666 2101 humanensis,
692 2067 723 2093 et
744 2060 775 2094 S.
802 2060 976 2094 Salvatoris
1004 2060 1042 2093 de
1069 2059 1174 2092 Bono-

429 2114 491 2154 nia,
507 2125 541 2146 ac
557 2115 651 2146 etiam
671 2114 702 2147 S.
723 2114 804 2147 Rusti
820 2114 983 2147 valentiae
1003 2119 1033 2147 et
1051 2113 1081 2146 S.
1098 2112 1174 2147 Cru-

430 2167 474 2198 cis
500 2166 714 2207 Colimbriae,
749 2167 943 2200 clericorum
975 2166 1171 2209 regularium

431 2220 468 2252 dc
495 2220 664 2255 Somasca,
688 2226 716 2252 ct
736 2219 917 2263 pauperum
943 2219 1050 2252 Matris
1067 2218 1122 2252 Dei
1143 2225 1174 2252 et

430 2272 625 2305 Scliolarum
654 2273 791 2314 piarum,
814 2273 959 2316 ipsisque
986 2272 1173 2305 monasticis

431 2328 760 2369 cougweationibns,
791 2327 886 2359 etiam
919 2326 1112 2364 Cassinensi,
1139 2337 1173 2359 a-

432 2381 547 2423 liisque
574 2381 741 2413 monacbis
771 2387 802 2413 et
828 2380 1033 2414 monasteriis
1059 2380 1090 2413 S.
1119 2380 1174 2413 Be-

432 2434 565 2473 nedicti,
588 2434 618 2466 S.
641 2434 837 2478 Hieronymi,
855 2433 1038 2467 Carmelitis
1056 2433 1174 2466 Discal-

431 2489 547 2526 centis,
573 2489 745 2520 conventui
771 2488 805 2521 B.
835 2488 951 2521 Mariae
984 2488 1023 2520 de
1050 2486 1173 2520 Guada-

431 2542 516 2584 lupe,
533 2552 658 2574 necnon
678 2541 828 2573 Societati
847 2541 926 2580 lesu,
945 2542 1089 2584 ipsisque
1105 2540 1174 2573 Car-

432 2595 657 2634 tliusicnsium‚
679 2594 1049 2627 Pracinonstratensium
1069 2600 1098 2627 ct
1117 2594 1173 2626 Re-

431 2648 643 2681 formatorum
665 2647 941 2688 Cisterciensinm,
965 2646 1171 2687 Servssarum,
1194 2673 1195 2681 1

1217 404 1434 447 hospitalibus
1460 404 1719 447 quibuscumque
1746 410 1778 437 et
1794 404 1857 448 piis
1872 405 1955 437 locis

1215 458 1430 500 regularibus,
1456 468 1491 489 ac
1517 459 1777 501 quibuscumque
1807 457 1956 500 personis

1216 520 1274 553 pro
1301 516 1446 554 tempore
1478 511 1691 543 existentibus
1716 510 1956 554 praedictorum

1217 570 1248 596 et
1273 563 1496 606 quorumlil‘iet
1521 563 1687 603 Ordinum,
1709 563 1901 596 societatum
1927 568 1958 596 et

1216 617 1512 660 congregationum
1538 616 1746 659 regularium,
1767 627 1824 660 per
1841 616 1956 650 Sedent

1216 671 1415 714 praedictam
1451 680 1488 702 ac
1536 680 1758 713 quoscumque
1795 670 1958 703 Romanos

1216 723 1399 761 Pontifices,
1419 733 1546 756 necnon
1566 723 1710 756 eiusdem
1730 723 1761 756 S.
1780 723 1817 756 R.
1837 723 1872 756 E.
1893 734 1959 757 car-

1217 776 1350 815 dinales,
1367 776 1463 809 etiam
1478 776 1517 809 de
1539 777 1640 809 latere
1660 776 1794 819 legatos,
1812 782 1843 809 et.
1861 787 1960 820 quos-

1217 829 1263 862 vis
1288 829 1381 862 Sedis
1407 829 1592 872 praedictae
1618 830 1766 870 nuncios,
1787 831 1838 863 vel
1863 829 1958 863 etiarn

1217 888 1279 916 tam
1306 883 1484 926 apostolica
1516 883 1682 926 praedicta
1705 894 1801 926 quam
1829 883 1958 917 ordina—

1217 936 1262 969 ria
1288 942 1320 970 et
1344 936 1434 979 regia
1461 937 1509 969 vel
1530 936 1689 980 imperiali
1716 935 1960 970 auctoritatibus

1217 991 1410 1033 respective,
1436 995 1491 1022 aut
1509 990 1588 1023 alias
1613 990 1870 1033 quomodolibet,
1893 990 1961 1034 qui-

1216 1044 1417 1086 buscumque
1443 1044 1617 1076 verborum
1644 1043 1910 1087 expressionibus
1930 1049 1961 1076 et

1217 1097 1408 1135 tenoribus,
1434 1096 1465 1129 in
1491 1106 1610 1139 genere
1636 1098 1686 1130 vel
1713 1096 1744 1129 in
1770 1096 1900 1140 specie,
1925 1106 1961 1129 ac

1216 1150 1467 1194 particulariter,
1487 1155 1549 1182 tam
1576 1160 1636 1193 per
1660 1150 1790 1183 modum
1819 1160 1960 1182 commn-

1218 1203 1388 1236 nicationis
1408 1208 1439 1235 et
1464 1203 1699 1246 ampliationis,
1720 1214 1815 1246 quam
1835 1202 1961 1246 simpli-

1217 1258 1270 1297 cis,
1294 1263 1325 1289 et
1343 1256 1537 1294 individuae,
1555 1256 1762 1300 particularis
1787 1262 1819 1290 et
1838 1255 1961 1299 specia-

1218 1311 1257 1343 lis
1283 1310 1513 1350 concessionis,
1540 1320 1575 1342 ac
1601 1310 1695 1343 etiam
1719 1315 1806 1343 motu
1824 1309 1960 1354 proprio

1218 1369 1245 1396 et
1274 1374 1309 1396 ex
1336 1366 1423 1396 certa
1448 1363 1594 1403 scientia,
1630 1368 1661 1396 et
1686 1363 1726 1396 de
1762 1363 1961 1407 apostolicae

1218 1417 1388 1461 potestatis
1413 1416 1630 1460 plenitudine,
1651 1417 1747 1450 etiam
1774 1416 1897 1450 iteratis
1916 1416 1962 1449 vi-

1217 1471 1321 1511 cibus,
1348 1470 1514 1504 concessis
1539 1471 1588 1503 vel
1614 1471 1813 1504 confirmatis
1831 1476 1883 1504 aut
1907 1482 1962 1515 ap-

1217 1523 1375 1567 probatis,
1395 1529 1426 1556 et
1445 1523 1563 1566 quibus
1583 1523 1627 1556 illi
1648 1528 1711 1556 tam
1738 1523 1769 1556 in
1789 1523 1851 1556 vita
1866 1534 1962 1567 quam

1218 1578 1249 1610 in
1271 1578 1384 1611 mortis
1410 1577 1554 1617 articulo,
1579 1577 1674 1610 etiam
1702 1577 1786 1610 circa
1810 1582 1962 1621 peccato-

1218 1641 1286 1664 rum
1314 1630 1524 1663 remissiones
1546 1636 1577 1664 et
1601 1630 1820 1665 iniunctarum
1847 1630 1961 1674 poeni-

1219 1685 1392 1718 tentiarum
1417 1684 1647 1723 relaxationeS,
1665 1689 1719 1716 aut
1736 1683 1814 1717 alias
1829 1694 1962 1727 quomo-

1218 1738 1344 1772 dolibet
1367 1737 1406 1771 de
1434 1738 1524 1777 iure,
1549 1748 1608 1770 usu
1634 1743 1689 1770 aut
1713 1737 1884 1780 privilegio
1909 1738 1959 1771 vel

1217 1790 1454 1825 consuetudine
1474 1791 1722 1834 quomodolibet
1737 1791 1913 1824 utebantur
1930 1796 1962 1823 et

1217 1845 1414 1888 gaudebant,
1439 1855 1475 1878 ac
1501 1844 1544 1877 uti
1572 1849 1603 1877 et
1627 1845 1771 1887 gaudere
1797 1848 1961 1888 poterant,

1218 1899 1362 1943 quamvis
1387 1898 1441 1931 illa
1468 1903 1575 1931 essent
1606 1897 1757 1942 specialis
1783 1903 1880 1931 notae
1906 1897 1958 1931 di-

1218 1963 1300 1996 gna,
1332 1951 1538 1996 difficilisque
1560 1951 1795 1992 concessionis,
1826 1956 1857 1984 et
1879 1961 1960 1995 quae

1217 2008 1248 2039 in
1276 2006 1419 2049 generali
1456 2005 1669 2038 concessione
1695 2015 1761 2038 non
1789 2005 1957 2047 venirent,

1218 2071 1282 2093 non
1309 2061 1415 2093 solum
1443 2069 1501 2102 per
1530 2058 1837 2102 participationem,
1864 2069 1961 2092 com-

1218 2113 1419 2153 munionem,
1449 2112 1578 2145 illarum
1604 2113 1842 2152 extensionem,
1865 2118 1897 2145 et
1920 2111 1959 2145 ad

1217 2167 1355 2200 aliorum
1381 2166 1496 2207 instar,
1523 2166 1579 2198 sed
1608 2165 1777 2208 speciatim
1804 2170 1837 2198 et
1859 2165 1956 2198 nomi·

1217 2220 1329 2260 natiui,
1349 2218 1573 2262 parisormiter
1604 2224 1635 2251 et
1670 2229 1773 2261 aeque
1796 2217 1961 2261 principa-

1218 2273 1291 2306 liter
1315 2273 1347 2305 in
1373 2272 1524 2305 omnibus
1552 2276 1583 2303 et
1608 2282 1665 2315 per
1695 2271 1804 2303 omnia
1837 2271 1958 2315 absque

1219 2328 1284 2359 ulla
1309 2336 1446 2369 prorsus
1477 2324 1679 2365 differentia,
1706 2324 1843 2367 perinde
1870 2334 1906 2356 ac
1931 2323 1958 2356 si

1218 2380 1272 2413 illa
1293 2380 1380 2413 dicto
1406 2378 1517 2411 Ordini
1544 2378 1579 2411 B.
1602 2378 1720 2410 Mariae
1739 2378 1777 2410 de
1796 2377 1956 2418 Mercede,

1219 2433 1372 2476 illiusque
1398 2432 1550 2475 capitulis
1568 2431 1784 2474 generalibuS,
1802 2430 1958 2473 magistro

1216 2487 1361 2529 generali
1381 2496 1440 2529 pro
1458 2492 1601 2528 tempore
1620 2484 1783 2524 existenti,
1805 2483 1958 2527 illiusque

1217 2539 1443 2582 superioribus
1467 2544 1498 2571 et
1515 2537 1665 2581 personis
1690 2536 1866 2580 praedictis
1890 2547 1960 2580 spe-

1217 2592 1341 2625 cialiter
1367 2597 1397 2624 et
1420 2601 1571 2634 expresse
1590 2596 1622 2622 et
1641 2589 1841 2629 nominatim,
1862 2589 1958 2622 etiam

1217 2655 1276 2688 per
1293 2645 1375 2677 viam
1402 2648 1431 2677 et
1457 2644 1588 2676 modum
1616 2642 1771 2687 simplicis
1790 2648 1822 2676 et
1842 2642 1959 2677 indivi-

1958 247 2012 275 Αη.
2028 248 2058 275 C.
2082 249 2148 277 1725
