<?xml version="1.0" encoding="UTF-8"?>
<!DOCTYPE html PUBLIC "-//W3C//DTD XHTML 1.0 Transitional//EN"
    "http://www.w3.org/TR/xhtml1/DTD/xhtml1-transitional.dtd">
<html xmlns="http://www.w3.org/1999/xhtml" xml:lang="en" lang="en">
 <head>
  <title>
</title>
<meta http-equiv="Content-Type" content="text/html;charset=utf-8" />
  <meta name='ocr-system' content='tesseract 3.04.00' />
  <meta name='ocr-capabilities' content='ocr_page ocr_carea ocr_par ocr_line ocrx_word'/>
</head>
<body>
  <div class='ocr_page' id='page_1' title='image "./bullarumdiplomat22cath_0252.png"; bbox 0 0 2170 3147; ppageno 0'>
   <div class='ocr_carea' id='block_1_1' title="bbox 235 250 424 278">
    <p class='ocr_par' dir='ltr' id='par_1_1' title="bbox 235 250 424 278">
     <span class='ocr_line' id='line_1_1' title="bbox 235 250 424 278; baseline -0.005 0"><span class='ocrx_word' id='word_1_1' title='bbox 235 252 286 278; x_wconf 86' lang='lat' dir='ltr'>An.</span> <span class='ocrx_word' id='word_1_2' title='bbox 309 250 424 278; x_wconf 61' lang='lat' dir='ltr'>C.17025</span> 
     </span>
    </p>
   </div>
   <div class='ocr_carea' id='block_1_2' title="bbox 236 1318 420 1371">
    <p class='ocr_par' dir='ltr' id='par_1_2' title="bbox 236 1318 420 1371">
     <span class='ocr_line' id='line_1_2' title="bbox 268 1318 420 1341; baseline 0 -3"><span class='ocrx_word' id='word_1_3' title='bbox 268 1318 420 1341; x_wconf 48' lang='lat' dir='ltr'>Dan-materiae</span> 
     </span>
     <span class='ocr_line' id='line_1_3' title="bbox 236 1346 326 1371; baseline -0.011 -5"><span class='ocrx_word' id='word_1_4' title='bbox 236 1346 326 1371; x_wconf 60' lang='lat' dir='ltr'>amplae.</span> 
     </span>
    </p>
   </div>
   <div class='ocr_carea' id='block_1_3' title="bbox 428 240 1195 1831">
    <p class='ocr_par' dir='ltr' id='par_1_3' title="bbox 428 240 1195 1289">
     <span class='ocr_line' id='line_1_4' title="bbox 470 240 1194 274; baseline 0 -1"><span class='ocrx_word' id='word_1_5' title='bbox 470 240 534 274; x_wconf 69' lang='lat'>⁶214</span> <span class='ocrx_word' id='word_1_6' title='bbox 1012 249 1194 274; x_wconf 55' lang='lat' dir='ltr'>numitmun</span> 
     </span>
     <span class='ocr_line' id='line_1_5' title="bbox 431 298 1195 342; baseline 0.001 -12"><span class='ocrx_word' id='word_1_7' title='bbox 431 309 492 342; x_wconf 88' lang='lat' dir='ltr'>que</span> <span class='ocrx_word' id='word_1_8' title='bbox 519 298 691 341; x_wconf 76' lang='lat' dir='ltr'>posteriori</span> <span class='ocrx_word' id='word_1_9' title='bbox 720 298 791 330; x_wconf 77' lang='lat' dir='ltr'>data</span> <span class='ocrx_word' id='word_1_10' title='bbox 817 298 1088 342; x_wconf 79' lang='lat' dir='ltr'>quandocumque</span> <span class='ocrx_word' id='word_1_11' title='bbox 1115 298 1195 331; x_wconf 74' lang='lat' dir='ltr'>eli-&#39;</span> 
     </span>
     <span class='ocr_line' id='line_1_6' title="bbox 431 351 1172 394; baseline 0.001 -11"><span class='ocrx_word' id='word_1_12' title='bbox 431 351 536 393; x_wconf 78' lang='lat' dir='ltr'>gemla</span> <span class='ocrx_word' id='word_1_13' title='bbox 573 361 745 383; x_wconf 86' lang='lat' dir='ltr'>concessas</span> <span class='ocrx_word' id='word_1_14' title='bbox 783 361 855 384; x_wconf 89' lang='lat' dir='ltr'>esse</span> <span class='ocrx_word' id='word_1_15' title='bbox 881 356 911 383; x_wconf 88' lang='lat' dir='ltr'>et</span> <span class='ocrx_word' id='word_1_16' title='bbox 937 351 1028 391; x_wconf 87' lang='lat' dir='ltr'>sore,</span> <span class='ocrx_word' id='word_1_17' title='bbox 1061 351 1172 394; x_wconf 87' lang='lat' dir='ltr'>sicque</span> 
     </span>
     <span class='ocr_line' id='line_1_7' title="bbox 431 404 1195 447; baseline 0 -10"><span class='ocrx_word' id='word_1_18' title='bbox 431 409 463 437; x_wconf 87' lang='lat' dir='ltr'>et</span> <span class='ocrx_word' id='word_1_19' title='bbox 486 414 549 436; x_wconf 92' lang='lat' dir='ltr'>non</span> <span class='ocrx_word' id='word_1_20' title='bbox 577 404 671 437; x_wconf 87' lang='lat' dir='ltr'>aliter</span> <span class='ocrx_word' id='word_1_21' title='bbox 696 404 727 436; x_wconf 90' lang='lat' dir='ltr'>in</span> <span class='ocrx_word' id='word_1_22' title='bbox 754 404 944 447; x_wconf 72' lang='lat' dir='ltr'>praemissis</span> <span class='ocrx_word' id='word_1_23' title='bbox 966 404 1116 437; x_wconf 88' lang='lat' dir='ltr'>omnibus</span> <span class='ocrx_word' id='word_1_24' title='bbox 1143 411 1195 437; x_wconf 58' lang='lat' dir='ltr'>eti</span> 
     </span>
     <span class='ocr_line' id='line_1_8' title="bbox 430 457 1170 502; baseline 0.003 -13"><span class='ocrx_word' id='word_1_25' title='bbox 430 457 567 499; x_wconf 82' lang='lat' dir='ltr'>singulis</span> <span class='ocrx_word' id='word_1_26' title='bbox 600 468 658 501; x_wconf 87' lang='lat' dir='ltr'>per</span> <span class='ocrx_word' id='word_1_27' title='bbox 684 468 906 502; x_wconf 83' lang='lat' dir='ltr'>quoscumque</span> <span class='ocrx_word' id='word_1_28' title='bbox 932 458 1054 491; x_wconf 85' lang='lat' dir='ltr'>iudices</span> <span class='ocrx_word' id='word_1_29' title='bbox 1080 459 1170 491; x_wconf 91' lang='lat' dir='ltr'>ordi-</span> 
     </span>
     <span class='ocr_line' id='line_1_9' title="bbox 429 510 1195 555; baseline 0.003 -13"><span class='ocrx_word' id='word_1_30' title='bbox 429 510 538 543; x_wconf 88' lang='lat' dir='ltr'>narios</span> <span class='ocrx_word' id='word_1_31' title='bbox 565 515 595 543; x_wconf 88' lang='lat' dir='ltr'>et</span> <span class='ocrx_word' id='word_1_32' title='bbox 614 511 794 553; x_wconf 79' lang='lat' dir='ltr'>delegatos,</span> <span class='ocrx_word' id='word_1_33' title='bbox 819 511 915 543; x_wconf 89' lang='lat' dir='ltr'>etiam</span> <span class='ocrx_word' id='word_1_34' title='bbox 937 522 1102 544; x_wconf 80' lang='lat' dir='ltr'>causarum</span> <span class='ocrx_word' id='word_1_35' title='bbox 1119 523 1174 555; x_wconf 89' lang='lat' dir='ltr'>pa·</span> <span class='ocrx_word' id='word_1_36' title='bbox 1194 525 1195 551; x_wconf 56' lang='lat' dir='ltr'>t</span> 
     </span>
     <span class='ocr_line' id='line_1_10' title="bbox 429 563 1170 606; baseline 0.003 -11"><span class='ocrx_word' id='word_1_37' title='bbox 429 563 497 595; x_wconf 86' lang='lat' dir='ltr'>latii</span> <span class='ocrx_word' id='word_1_38' title='bbox 525 563 695 606; x_wconf 83' lang='lat' dir='ltr'>apostolici</span> <span class='ocrx_word' id='word_1_39' title='bbox 729 563 904 603; x_wconf 75' lang='lat' dir='ltr'>auditoreS,</span> <span class='ocrx_word' id='word_1_40' title='bbox 942 574 978 596; x_wconf 90' lang='lat' dir='ltr'>ac</span> <span class='ocrx_word' id='word_1_41' title='bbox 1013 564 1044 597; x_wconf 85' lang='lat' dir='ltr'>S.</span> <span class='ocrx_word' id='word_1_42' title='bbox 1072 564 1110 596; x_wconf 81' lang='lat' dir='ltr'>R.</span> <span class='ocrx_word' id='word_1_43' title='bbox 1136 564 1170 597; x_wconf 92' lang='grc' dir='ltr'>Ε.</span> 
     </span>
     <span class='ocr_line' id='line_1_11' title="bbox 429 617 1174 660; baseline -0.001 -11"><span class='ocrx_word' id='word_1_44' title='bbox 429 617 624 657; x_wconf 75' lang='lat' dir='ltr'>cardinales,</span> <span class='ocrx_word' id='word_1_45' title='bbox 649 617 743 649; x_wconf 85' lang='lat' dir='ltr'>etiam</span> <span class='ocrx_word' id='word_1_46' title='bbox 770 617 809 650; x_wconf 88' lang='lat' dir='ltr'>de</span> <span class='ocrx_word' id='word_1_47' title='bbox 835 618 938 650; x_wconf 89' lang='lat' dir='ltr'>latere</span> <span class='ocrx_word' id='word_1_48' title='bbox 964 618 1099 660; x_wconf 80' lang='lat' dir='ltr'>legatos,</span> <span class='ocrx_word' id='word_1_49' title='bbox 1121 622 1174 649; x_wconf 85' lang='lat' dir='ltr'>aut.</span> 
     </span>
     <span class='ocr_line' id='line_1_12' title="bbox 428 669 1172 714; baseline 0.001 -12"><span class='ocrx_word' id='word_1_50' title='bbox 428 669 644 712; x_wconf 78' lang='lat' dir='ltr'>vicelegatos,</span> <span class='ocrx_word' id='word_1_51' title='bbox 673 670 846 714; x_wconf 73' lang='lat' dir='ltr'>dictaeque</span> <span class='ocrx_word' id='word_1_52' title='bbox 883 671 974 703; x_wconf 87' lang='lat' dir='ltr'>Sedis</span> <span class='ocrx_word' id='word_1_53' title='bbox 1011 670 1172 710; x_wconf 86' lang='lat' dir='ltr'>nuncios,</span> 
     </span>
     <span class='ocr_line' id='line_1_13' title="bbox 429 723 1195 768; baseline 0.003 -15"><span class='ocrx_word' id='word_1_54' title='bbox 429 727 485 754; x_wconf 87' lang='lat' dir='ltr'>aut</span> <span class='ocrx_word' id='word_1_55' title='bbox 503 723 584 755; x_wconf 88' lang='lat' dir='ltr'>alios</span> <span class='ocrx_word' id='word_1_56' title='bbox 603 733 824 766; x_wconf 85' lang='lat' dir='ltr'>quoscumque</span> <span class='ocrx_word' id='word_1_57' title='bbox 844 723 954 766; x_wconf 85' lang='lat' dir='ltr'>quavis</span> <span class='ocrx_word' id='word_1_58' title='bbox 969 723 1171 762; x_wconf 82' lang='lat' dir='ltr'>auctoritate,</span> <span class='ocrx_word' id='word_1_59' title='bbox 1194 746 1195 768; x_wconf 28' lang='grc' dir='ltr'>ἢ</span> 
     </span>
     <span class='ocr_line' id='line_1_14' title="bbox 429 769 1195 820; baseline 0 -13"><span class='ocrx_word' id='word_1_60' title='bbox 429 781 599 818; x_wconf 72' lang='lat' dir='ltr'>potestate,</span> <span class='ocrx_word' id='word_1_61' title='bbox 618 777 843 819; x_wconf 74' lang='lat' dir='ltr'>praerogativa</span> <span class='ocrx_word' id='word_1_62' title='bbox 861 782 891 809; x_wconf 88' lang='lat' dir='ltr'>et</span> <span class='ocrx_word' id='word_1_63' title='bbox 910 776 1081 820; x_wconf 77' lang='lat' dir='ltr'>privilegio</span> <span class='ocrx_word' id='word_1_64' title='bbox 1104 776 1174 808; x_wconf 78' lang='lat' dir='ltr'>sun-</span> <span class='ocrx_word' id='word_1_65' title='bbox 1194 769 1195 781; x_wconf 66' lang='lat'><em>³</em></span> 
     </span>
     <span class='ocr_line' id='line_1_15' title="bbox 428 829 1195 873; baseline 0.001 -12"><span class='ocrx_word' id='word_1_66' title='bbox 428 834 554 872; x_wconf 76' lang='lat' dir='ltr'>genteS‚</span> <span class='ocrx_word' id='word_1_67' title='bbox 575 840 612 862; x_wconf 85' lang='lat' dir='ltr'>ac</span> <span class='ocrx_word' id='word_1_68' title='bbox 638 829 764 862; x_wconf 86' lang='lat' dir='ltr'>bonore</span> <span class='ocrx_word' id='word_1_69' title='bbox 784 835 815 862; x_wconf 86' lang='lat' dir='ltr'>et</span> <span class='ocrx_word' id='word_1_70' title='bbox 833 830 1089 873; x_wconf 76' lang='lat' dir='ltr'>praeeminentia</span> <span class='ocrx_word' id='word_1_71' title='bbox 1118 830 1173 862; x_wconf 85' lang='lat' dir='ltr'>sul·</span> <span class='ocrx_word' id='word_1_72' title='bbox 1193 839 1195 868; x_wconf 51' lang='grc' dir='ltr'>ς’</span> 
     </span>
     <span class='ocr_line' id='line_1_16' title="bbox 429 874 1195 924; baseline 0.001 -10"><span class='ocrx_word' id='word_1_73' title='bbox 429 887 565 924; x_wconf 82' lang='lat' dir='ltr'>gentes,</span> <span class='ocrx_word' id='word_1_74' title='bbox 599 883 725 916; x_wconf 78' lang='lat' dir='ltr'>sublata</span> <span class='ocrx_word' id='word_1_75' title='bbox 762 883 808 916; x_wconf 89' lang='lat' dir='ltr'>eis</span> <span class='ocrx_word' id='word_1_76' title='bbox 835 889 865 916; x_wconf 88' lang='lat' dir='ltr'>et</span> <span class='ocrx_word' id='word_1_77' title='bbox 901 893 1013 916; x_wconf 87' lang='lat' dir='ltr'>eorum</span> <span class='ocrx_word' id='word_1_78' title='bbox 1040 874 1195 917; x_wconf 51' lang='lat' dir='ltr'>cuilibet*</span> 
     </span>
     <span class='ocr_line' id='line_1_17' title="bbox 430 936 1172 981; baseline 0.001 -13"><span class='ocrx_word' id='word_1_79' title='bbox 430 936 542 978; x_wconf 80' lang='lat' dir='ltr'>quavis</span> <span class='ocrx_word' id='word_1_80' title='bbox 572 936 666 970; x_wconf 87' lang='lat' dir='ltr'>aliter</span> <span class='ocrx_word' id='word_1_81' title='bbox 690 936 854 970; x_wconf 90' lang='lat' dir='ltr'>iudicandi</span> <span class='ocrx_word' id='word_1_82' title='bbox 881 942 912 969; x_wconf 91' lang='lat' dir='ltr'>et</span> <span class='ocrx_word' id='word_1_83' title='bbox 936 937 1172 981; x_wconf 84' lang='lat' dir='ltr'>interpretandi</span> 
     </span>
     <span class='ocr_line' id='line_1_18' title="bbox 430 989 1173 1033; baseline 0.003 -13"><span class='ocrx_word' id='word_1_84' title='bbox 430 989 583 1022; x_wconf 78' lang='lat' dir='ltr'>facultate</span> <span class='ocrx_word' id='word_1_85' title='bbox 610 995 641 1022; x_wconf 90' lang='lat' dir='ltr'>et</span> <span class='ocrx_word' id='word_1_86' title='bbox 665 990 871 1029; x_wconf 83' lang='lat' dir='ltr'>auctoritate,</span> <span class='ocrx_word' id='word_1_87' title='bbox 900 990 932 1023; x_wconf 89' lang='lat' dir='ltr'>in</span> <span class='ocrx_word' id='word_1_88' title='bbox 965 1000 1173 1033; x_wconf 84' lang='lat' dir='ltr'>quocumque</span> 
     </span>
     <span class='ocr_line' id='line_1_19' title="bbox 430 1041 1173 1086; baseline 0.003 -13"><span class='ocrx_word' id='word_1_89' title='bbox 430 1041 550 1075; x_wconf 91' lang='lat' dir='ltr'>iudicio</span> <span class='ocrx_word' id='word_1_90' title='bbox 576 1049 603 1075; x_wconf 86' lang='lat' dir='ltr'>et</span> <span class='ocrx_word' id='word_1_91' title='bbox 633 1053 834 1086; x_wconf 85' lang='lat' dir='ltr'>quacumque</span> <span class='ocrx_word' id='word_1_92' title='bbox 860 1043 1013 1076; x_wconf 78' lang='lat' dir='ltr'>instantia</span> <span class='ocrx_word' id='word_1_93' title='bbox 1038 1042 1173 1076; x_wconf 90' lang='lat' dir='ltr'>iudicari</span> 
     </span>
     <span class='ocr_line' id='line_1_20' title="bbox 432 1095 1176 1139; baseline 0 -11"><span class='ocrx_word' id='word_1_94' title='bbox 432 1100 463 1128; x_wconf 89' lang='lat' dir='ltr'>ct</span> <span class='ocrx_word' id='word_1_95' title='bbox 488 1095 615 1128; x_wconf 78' lang='lat' dir='ltr'>definiri</span> <span class='ocrx_word' id='word_1_96' title='bbox 644 1096 787 1136; x_wconf 87' lang='lat' dir='ltr'>debere,</span> <span class='ocrx_word' id='word_1_97' title='bbox 815 1107 862 1137; x_wconf 72' lang='lat' dir='ltr'>ac,</span> <span class='ocrx_word' id='word_1_98' title='bbox 891 1096 915 1129; x_wconf 88' lang='lat' dir='ltr'>si</span> <span class='ocrx_word' id='word_1_99' title='bbox 951 1106 1045 1129; x_wconf 87' lang='lat' dir='ltr'>secus</span> <span class='ocrx_word' id='word_1_100' title='bbox 1078 1107 1176 1139; x_wconf 87' lang='lat' dir='ltr'>super</span> 
     </span>
     <span class='ocr_line' id='line_1_21' title="bbox 431 1149 1176 1192; baseline 0.003 -12"><span class='ocrx_word' id='word_1_101' title='bbox 431 1149 483 1181; x_wconf 81' lang='lat' dir='ltr'>liis</span> <span class='ocrx_word' id='word_1_102' title='bbox 502 1160 519 1181; x_wconf 87' lang='lat' dir='ltr'>a</span> <span class='ocrx_word' id='word_1_103' title='bbox 538 1160 714 1192; x_wconf 84' lang='lat' dir='ltr'>quoquam,</span> <span class='ocrx_word' id='word_1_104' title='bbox 729 1150 839 1192; x_wconf 81' lang='lat' dir='ltr'>quavis</span> <span class='ocrx_word' id='word_1_105' title='bbox 857 1150 1060 1188; x_wconf 77' lang='lat' dir='ltr'>auctoritate,</span> <span class='ocrx_word' id='word_1_106' title='bbox 1074 1150 1176 1182; x_wconf 81' lang='lat' dir='ltr'>scien-</span> 
     </span>
     <span class='ocr_line' id='line_1_22' title="bbox 431 1202 1173 1246; baseline 0 -12"><span class='ocrx_word' id='word_1_107' title='bbox 431 1207 481 1234; x_wconf 86' lang='lat' dir='ltr'>ter</span> <span class='ocrx_word' id='word_1_108' title='bbox 504 1203 553 1235; x_wconf 88' lang='lat' dir='ltr'>vel</span> <span class='ocrx_word' id='word_1_109' title='bbox 579 1203 782 1245; x_wconf 76' lang='lat' dir='ltr'>ignoranter,</span> <span class='ocrx_word' id='word_1_110' title='bbox 808 1203 981 1246; x_wconf 81' lang='lat' dir='ltr'>contigerit</span> <span class='ocrx_word' id='word_1_111' title='bbox 1002 1202 1173 1242; x_wconf 86' lang='lat' dir='ltr'>attentari,</span> 
     </span>
     <span class='ocr_line' id='line_1_23' title="bbox 431 1255 980 1289; baseline 0.002 -2"><span class='ocrx_word' id='word_1_112' title='bbox 431 1255 559 1288; x_wconf 87' lang='lat' dir='ltr'>irritum</span> <span class='ocrx_word' id='word_1_113' title='bbox 585 1261 617 1289; x_wconf 87' lang='lat' dir='ltr'>et</span> <span class='ocrx_word' id='word_1_114' title='bbox 637 1256 733 1289; x_wconf 89' lang='lat' dir='ltr'>inane</span> <span class='ocrx_word' id='word_1_115' title='bbox 760 1256 980 1289; x_wconf 85' lang='lat' dir='ltr'>decernimus.</span> 
     </span>
    </p>

    <p class='ocr_par' dir='ltr' id='par_1_4' title="bbox 432 1308 1178 1831">
     <span class='ocr_line' id='line_1_24' title="bbox 476 1308 1175 1353; baseline 0.001 -12"><span class='ocrx_word' id='word_1_116' title='bbox 476 1308 490 1351; x_wconf 61' lang='grc' dir='ltr'><strong>ἓ</strong></span> <span class='ocrx_word' id='word_1_117' title='bbox 516 1309 546 1341; x_wconf 94' lang='grc'>7.</span> <span class='ocrx_word' id='word_1_118' title='bbox 574 1308 643 1342; x_wconf 93' lang='lat' dir='ltr'>Non</span> <span class='ocrx_word' id='word_1_119' title='bbox 670 1309 884 1349; x_wconf 77' lang='lat' dir='ltr'>obstantibus,</span> <span class='ocrx_word' id='word_1_120' title='bbox 906 1315 1067 1353; x_wconf 85' lang='lat' dir='ltr'>quatenus</span> <span class='ocrx_word' id='word_1_121' title='bbox 1093 1320 1175 1352; x_wconf 91' lang='lat' dir='ltr'>opus</span> 
     </span>
     <span class='ocr_line' id='line_1_25' title="bbox 432 1361 1175 1406; baseline 0.001 -12"><span class='ocrx_word' id='word_1_122' title='bbox 432 1361 482 1401; x_wconf 88' lang='lat' dir='ltr'>sit,</span> <span class='ocrx_word' id='word_1_123' title='bbox 508 1364 617 1395; x_wconf 76' lang='lat' dir='ltr'>nostra</span> <span class='ocrx_word' id='word_1_124' title='bbox 654 1367 685 1395; x_wconf 88' lang='lat' dir='ltr'>et</span> <span class='ocrx_word' id='word_1_125' title='bbox 717 1362 935 1395; x_wconf 82' lang='lat' dir='ltr'>Cancellariae</span> <span class='ocrx_word' id='word_1_126' title='bbox 968 1362 1175 1406; x_wconf 78' lang='lat' dir='ltr'>Apostolicae</span> 
     </span>
     <span class='ocr_line' id='line_1_26' title="bbox 432 1415 1175 1458; baseline 0.001 -11"><span class='ocrx_word' id='word_1_127' title='bbox 432 1416 545 1457; x_wconf 79' lang='lat' dir='ltr'>regula</span> <span class='ocrx_word' id='word_1_128' title='bbox 570 1415 609 1449; x_wconf 87' lang='lat' dir='ltr'>de</span> <span class='ocrx_word' id='word_1_129' title='bbox 635 1415 705 1448; x_wconf 86' lang='lat' dir='ltr'>iure</span> <span class='ocrx_word' id='word_1_130' title='bbox 731 1416 880 1458; x_wconf 86' lang='lat' dir='ltr'>quaesito</span> <span class='ocrx_word' id='word_1_131' title='bbox 917 1425 982 1448; x_wconf 84' lang='lat' dir='ltr'>non</span> <span class='ocrx_word' id='word_1_132' title='bbox 1020 1416 1175 1456; x_wconf 86' lang='lat' dir='ltr'>tollendo,</span> 
     </span>
     <span class='ocr_line' id='line_1_27' title="bbox 432 1469 1174 1512; baseline 0.001 -11"><span class='ocrx_word' id='word_1_133' title='bbox 432 1469 568 1512; x_wconf 84' lang='lat' dir='ltr'>aliisque</span> <span class='ocrx_word' id='word_1_134' title='bbox 606 1469 637 1502; x_wconf 93' lang='lat' dir='ltr'>in</span> <span class='ocrx_word' id='word_1_135' title='bbox 680 1469 878 1502; x_wconf 87' lang='lat' dir='ltr'>eontrarium</span> <span class='ocrx_word' id='word_1_136' title='bbox 919 1469 1174 1512; x_wconf 88' lang='lat' dir='ltr'>praemissorum</span> 
     </span>
     <span class='ocr_line' id='line_1_28' title="bbox 432 1521 1176 1564; baseline 0.001 -10"><span class='ocrx_word' id='word_1_137' title='bbox 432 1521 681 1564; x_wconf 85' lang='lat' dir='ltr'>quomodolibet</span> <span class='ocrx_word' id='word_1_138' title='bbox 705 1522 798 1555; x_wconf 92' lang='lat' dir='ltr'>editis</span> <span class='ocrx_word' id='word_1_139' title='bbox 830 1523 878 1556; x_wconf 81' lang='lat' dir='ltr'>vel</span> <span class='ocrx_word' id='word_1_140' title='bbox 912 1522 1048 1556; x_wconf 83' lang='lat' dir='ltr'>edendis</span> <span class='ocrx_word' id='word_1_141' title='bbox 1080 1523 1176 1556; x_wconf 85' lang='lat' dir='ltr'>etiam</span> 
     </span>
     <span class='ocr_line' id='line_1_29' title="bbox 432 1575 1177 1619; baseline 0.001 -13"><span class='ocrx_word' id='word_1_142' title='bbox 432 1575 465 1607; x_wconf 92' lang='lat' dir='ltr'>in</span> <span class='ocrx_word' id='word_1_143' title='bbox 491 1575 713 1619; x_wconf 67' lang='lat' dir='ltr'>synodalibus,</span> <span class='ocrx_word' id='word_1_144' title='bbox 732 1575 994 1618; x_wconf 85' lang='lat' dir='ltr'>provincialibus,</span> <span class='ocrx_word' id='word_1_145' title='bbox 1013 1576 1177 1608; x_wconf 83' lang='lat' dir='ltr'>universa-</span> 
     </span>
     <span class='ocr_line' id='line_1_30' title="bbox 432 1627 1178 1672; baseline 0.001 -11"><span class='ocrx_word' id='word_1_146' title='bbox 432 1627 581 1672; x_wconf 86' lang='lat' dir='ltr'>libusque</span> <span class='ocrx_word' id='word_1_147' title='bbox 600 1629 758 1670; x_wconf 81' lang='lat' dir='ltr'>conciliis,</span> <span class='ocrx_word' id='word_1_148' title='bbox 780 1629 976 1672; x_wconf 78' lang='lat' dir='ltr'>specialibus</span> <span class='ocrx_word' id='word_1_149' title='bbox 1002 1630 1051 1662; x_wconf 81' lang='lat' dir='ltr'>vel</span> <span class='ocrx_word' id='word_1_150' title='bbox 1079 1639 1178 1672; x_wconf 79' lang='lat' dir='ltr'>gene-</span> 
     </span>
     <span class='ocr_line' id='line_1_31' title="bbox 432 1682 1178 1726; baseline 0 -12"><span class='ocrx_word' id='word_1_151' title='bbox 432 1682 566 1723; x_wconf 87' lang='lat' dir='ltr'>ralibus,</span> <span class='ocrx_word' id='word_1_152' title='bbox 594 1682 730 1726; x_wconf 89' lang='lat' dir='ltr'>aliisque</span> <span class='ocrx_word' id='word_1_153' title='bbox 757 1682 1045 1716; x_wconf 72' lang='lat' dir='ltr'>constitutionibus</span> <span class='ocrx_word' id='word_1_154' title='bbox 1071 1687 1103 1715; x_wconf 84' lang='lat' dir='ltr'>et</span> <span class='ocrx_word' id='word_1_155' title='bbox 1128 1693 1178 1715; x_wconf 87' lang='lat' dir='ltr'>or-</span> 
     </span>
     <span class='ocr_line' id='line_1_32' title="bbox 434 1735 1175 1779; baseline 0 -12"><span class='ocrx_word' id='word_1_156' title='bbox 434 1735 654 1768; x_wconf 86' lang='lat' dir='ltr'>dinationibus</span> <span class='ocrx_word' id='word_1_157' title='bbox 672 1735 870 1778; x_wconf 85' lang='lat' dir='ltr'>apostolicis,</span> <span class='ocrx_word' id='word_1_158' title='bbox 884 1747 919 1768; x_wconf 87' lang='lat' dir='ltr'>ac</span> <span class='ocrx_word' id='word_1_159' title='bbox 934 1735 1175 1779; x_wconf 85' lang='lat' dir='ltr'>praedictarum</span> 
     </span>
     <span class='ocr_line' id='line_1_33' title="bbox 433 1787 1176 1831; baseline 0 -12"><span class='ocrx_word' id='word_1_160' title='bbox 433 1787 641 1820; x_wconf 85' lang='lat' dir='ltr'>ecclesiarum</span> <span class='ocrx_word' id='word_1_161' title='bbox 661 1787 827 1831; x_wconf 78' lang='lat' dir='ltr'>Aquinatis</span> <span class='ocrx_word' id='word_1_162' title='bbox 853 1794 883 1820; x_wconf 92' lang='lat' dir='ltr'>et</span> <span class='ocrx_word' id='word_1_163' title='bbox 900 1788 1103 1821; x_wconf 87' lang='lat' dir='ltr'>Pontiscurvi</span> <span class='ocrx_word' id='word_1_164' title='bbox 1122 1799 1176 1821; x_wconf 84' lang='lat' dir='ltr'>seu</span> 
     </span>
    </p>
   </div>
   <div class='ocr_carea' id='block_1_4' title="bbox 1193 310 1200 1894">
    <p class='ocr_par' dir='ltr' id='par_1_5' title="bbox 1193 310 1200 1894">
     <span class='ocr_line' id='line_1_34' title="bbox 1193 310 1200 1894; baseline 0 0"><span class='ocrx_word' id='word_1_165' title='bbox 1193 310 1200 1894; x_wconf 95' lang='lat' dir='ltr'> </span> 
     </span>
    </p>
   </div>
   <div class='ocr_carea' id='block_1_5' title="bbox 433 1840 1178 1883">
    <p class='ocr_par' dir='ltr' id='par_1_6' title="bbox 433 1840 1178 1883">
     <span class='ocr_line' id='line_1_35' title="bbox 433 1840 1178 1883; baseline 0 -10"><span class='ocrx_word' id='word_1_166' title='bbox 433 1840 667 1883; x_wconf 79' lang='lat' dir='ltr'>Fregellarum,</span> <span class='ocrx_word' id='word_1_167' title='bbox 703 1841 798 1874; x_wconf 85' lang='lat' dir='ltr'>etiam</span> <span class='ocrx_word' id='word_1_168' title='bbox 830 1841 1022 1880; x_wconf 88' lang='lat' dir='ltr'>iuramento,</span> <span class='ocrx_word' id='word_1_169' title='bbox 1059 1841 1178 1874; x_wconf 77' lang='lat' dir='ltr'>contir-</span> 
     </span>
    </p>
   </div>
   <div class='ocr_carea' id='block_1_6' title="bbox 433 1893 1200 1941">
    <p class='ocr_par' dir='ltr' id='par_1_7' title="bbox 433 1893 1200 1941">
     <span class='ocr_line' id='line_1_36' title="bbox 433 1893 1200 1941; baseline 0.003 -16"><span class='ocrx_word' id='word_1_170' title='bbox 433 1893 575 1927; x_wconf 87' lang='lat' dir='ltr'>matione</span> <span class='ocrx_word' id='word_1_171' title='bbox 601 1894 794 1937; x_wconf 76' lang='lat' dir='ltr'>apostolica,</span> <span class='ocrx_word' id='word_1_172' title='bbox 814 1894 861 1927; x_wconf 91' lang='lat' dir='ltr'>vel</span> <span class='ocrx_word' id='word_1_173' title='bbox 884 1895 996 1937; x_wconf 83' lang='lat' dir='ltr'>quavis</span> <span class='ocrx_word' id='word_1_174' title='bbox 1023 1893 1176 1927; x_wconf 82' lang='lat' dir='ltr'>firmitate</span> <span class='ocrx_word' id='word_1_175' title='bbox 1198 1906 1200 1941; x_wconf 56' lang='lat' dir='ltr'>t</span> 
     </span>
    </p>
   </div>
   <div class='ocr_carea' id='block_1_7' title="bbox 434 1946 1179 2150">
    <p class='ocr_par' dir='ltr' id='par_1_8' title="bbox 434 1946 1179 2150">
     <span class='ocr_line' id='line_1_37' title="bbox 434 1946 1178 1989; baseline 0.001 -11"><span class='ocrx_word' id='word_1_176' title='bbox 434 1946 497 1979; x_wconf 70' lang='lat' dir='ltr'>alia</span> <span class='ocrx_word' id='word_1_177' title='bbox 523 1947 693 1986; x_wconf 88' lang='lat' dir='ltr'>roboratis,</span> <span class='ocrx_word' id='word_1_178' title='bbox 714 1947 852 1986; x_wconf 80' lang='lat' dir='ltr'>statutis,</span> <span class='ocrx_word' id='word_1_179' title='bbox 873 1957 1051 1989; x_wconf 84' lang='lat' dir='ltr'>eorumque</span> <span class='ocrx_word' id='word_1_180' title='bbox 1078 1947 1178 1980; x_wconf 84' lang='lat' dir='ltr'>resor-</span> 
     </span>
     <span class='ocr_line' id='line_1_38' title="bbox 434 1999 1176 2043; baseline 0 -11"><span class='ocrx_word' id='word_1_181' title='bbox 434 1999 633 2032; x_wconf 85' lang='lat' dir='ltr'>mationibus</span> <span class='ocrx_word' id='word_1_182' title='bbox 660 2005 689 2033; x_wconf 88' lang='lat' dir='ltr'>et</span> <span class='ocrx_word' id='word_1_183' title='bbox 707 2001 800 2033; x_wconf 86' lang='lat' dir='ltr'>novis</span> <span class='ocrx_word' id='word_1_184' title='bbox 818 2000 1052 2040; x_wconf 76' lang='lat' dir='ltr'>additionibus,</span> <span class='ocrx_word' id='word_1_185' title='bbox 1072 2000 1176 2043; x_wconf 74' lang='lat' dir='ltr'>stylis,</span> 
     </span>
     <span class='ocr_line' id='line_1_39' title="bbox 434 2053 1179 2094; baseline 0.001 -9"><span class='ocrx_word' id='word_1_186' title='bbox 434 2053 546 2086; x_wconf 88' lang='lat' dir='ltr'>usibus</span> <span class='ocrx_word' id='word_1_187' title='bbox 573 2059 603 2086; x_wconf 85' lang='lat' dir='ltr'>et</span> <span class='ocrx_word' id='word_1_188' title='bbox 628 2054 928 2094; x_wconf 86' lang='lat' dir='ltr'>consuetudinibus,</span> <span class='ocrx_word' id='word_1_189' title='bbox 947 2054 1040 2087; x_wconf 88' lang='lat' dir='ltr'>etiam</span> <span class='ocrx_word' id='word_1_190' title='bbox 1066 2054 1179 2087; x_wconf 87' lang='lat' dir='ltr'>imme-</span> 
     </span>
     <span class='ocr_line' id='line_1_40' title="bbox 435 2107 1179 2150; baseline 0.001 -11"><span class='ocrx_word' id='word_1_191' title='bbox 435 2107 672 2147; x_wconf 77' lang='lat' dir='ltr'>morabililms,</span> <span class='ocrx_word' id='word_1_192' title='bbox 699 2107 878 2150; x_wconf 78' lang='lat' dir='ltr'>privilegiis</span> <span class='ocrx_word' id='word_1_193' title='bbox 905 2118 1047 2150; x_wconf 85' lang='lat' dir='ltr'>quoque,</span> <span class='ocrx_word' id='word_1_194' title='bbox 1073 2108 1179 2140; x_wconf 89' lang='lat' dir='ltr'>indul-</span> 
     </span>
    </p>
   </div>
   <div class='ocr_carea' id='block_1_8' title="bbox 426 2159 1177 2204">
    <p class='ocr_par' dir='ltr' id='par_1_9' title="bbox 426 2159 1177 2204">
     <span class='ocr_line' id='line_1_41' title="bbox 426 2159 1177 2204; baseline 0.001 -13"><span class='ocrx_word' id='word_1_195' title='bbox 426 2159 476 2196; x_wconf 58' lang='lat' dir='ltr'>,tis</span> <span class='ocrx_word' id='word_1_196' title='bbox 503 2165 534 2192; x_wconf 89' lang='lat' dir='ltr'>et</span> <span class='ocrx_word' id='word_1_197' title='bbox 558 2160 677 2193; x_wconf 88' lang='lat' dir='ltr'>litteris</span> <span class='ocrx_word' id='word_1_198' title='bbox 699 2160 897 2203; x_wconf 86' lang='lat' dir='ltr'>apostolicis,</span> <span class='ocrx_word' id='word_1_199' title='bbox 917 2161 980 2193; x_wconf 90' lang='lat' dir='ltr'>illis</span> <span class='ocrx_word' id='word_1_200' title='bbox 999 2170 1177 2204; x_wconf 88' lang='lat' dir='ltr'>eorumque</span> 
     </span>
    </p>
   </div>
   <div class='ocr_carea' id='block_1_9' title="bbox 435 2213 1180 2627">
    <p class='ocr_par' dir='ltr' id='par_1_10' title="bbox 435 2213 1180 2627">
     <span class='ocr_line' id='line_1_42' title="bbox 436 2213 1179 2257; baseline 0 -12"><span class='ocrx_word' id='word_1_201' title='bbox 436 2213 661 2256; x_wconf 89' lang='lat' dir='ltr'>superioribus</span> <span class='ocrx_word' id='word_1_202' title='bbox 699 2218 728 2246; x_wconf 87' lang='lat' dir='ltr'>et</span> <span class='ocrx_word' id='word_1_203' title='bbox 765 2214 915 2257; x_wconf 86' lang='lat' dir='ltr'>personis</span> <span class='ocrx_word' id='word_1_204' title='bbox 941 2224 978 2246; x_wconf 84' lang='lat' dir='ltr'>ac</span> <span class='ocrx_word' id='word_1_205' title='bbox 1004 2214 1084 2246; x_wconf 87' lang='lat' dir='ltr'>locis</span> <span class='ocrx_word' id='word_1_206' title='bbox 1110 2214 1179 2257; x_wconf 88' lang='lat' dir='ltr'>qui-</span> 
     </span>
     <span class='ocr_line' id='line_1_43' title="bbox 435 2266 1177 2310; baseline 0.004 -13"><span class='ocrx_word' id='word_1_207' title='bbox 435 2266 655 2309; x_wconf 87' lang='lat' dir='ltr'>buscumque,</span> <span class='ocrx_word' id='word_1_208' title='bbox 677 2267 774 2299; x_wconf 87' lang='lat' dir='ltr'>etiam</span> <span class='ocrx_word' id='word_1_209' title='bbox 793 2266 944 2310; x_wconf 75' lang='lat' dir='ltr'>specifica</span> <span class='ocrx_word' id='word_1_210' title='bbox 970 2271 1000 2299; x_wconf 87' lang='lat' dir='ltr'>et</span> <span class='ocrx_word' id='word_1_211' title='bbox 1026 2269 1177 2310; x_wconf 61' lang='lat' dir='ltr'>expressa</span> 
     </span>
     <span class='ocr_line' id='line_1_44' title="bbox 437 2319 1180 2365; baseline 0.004 -14"><span class='ocrx_word' id='word_1_212' title='bbox 437 2330 472 2352; x_wconf 84' lang='lat' dir='ltr'>ac</span> <span class='ocrx_word' id='word_1_213' title='bbox 498 2319 662 2352; x_wconf 76' lang='lat' dir='ltr'>individua</span> <span class='ocrx_word' id='word_1_214' title='bbox 686 2320 852 2353; x_wconf 88' lang='lat' dir='ltr'>mentione</span> <span class='ocrx_word' id='word_1_215' title='bbox 878 2320 999 2363; x_wconf 82' lang='lat' dir='ltr'>dignis,</span> <span class='ocrx_word' id='word_1_216' title='bbox 1026 2322 1083 2354; x_wconf 91' lang='lat' dir='ltr'>sub</span> <span class='ocrx_word' id='word_1_217' title='bbox 1110 2321 1180 2365; x_wconf 82' lang='lat' dir='ltr'>qui-</span> 
     </span>
     <span class='ocr_line' id='line_1_45' title="bbox 436 2373 1178 2416; baseline 0.004 -12"><span class='ocrx_word' id='word_1_218' title='bbox 436 2373 639 2416; x_wconf 79' lang='lat' dir='ltr'>buscumque</span> <span class='ocrx_word' id='word_1_219' title='bbox 662 2373 830 2405; x_wconf 87' lang='lat' dir='ltr'>tenoribus</span> <span class='ocrx_word' id='word_1_220' title='bbox 850 2378 881 2406; x_wconf 91' lang='lat' dir='ltr'>et</span> <span class='ocrx_word' id='word_1_221' title='bbox 899 2373 1027 2413; x_wconf 85' lang='lat' dir='ltr'>formis,</span> <span class='ocrx_word' id='word_1_222' title='bbox 1054 2385 1088 2406; x_wconf 91' lang='lat' dir='ltr'>ac</span> <span class='ocrx_word' id='word_1_223' title='bbox 1107 2385 1178 2407; x_wconf 89' lang='lat' dir='ltr'>eum</span> 
     </span>
     <span class='ocr_line' id='line_1_46' title="bbox 438 2424 1180 2469; baseline 0.004 -12"><span class='ocrx_word' id='word_1_224' title='bbox 438 2424 604 2468; x_wconf 81' lang='lat' dir='ltr'>quibusvis</span> <span class='ocrx_word' id='word_1_225' title='bbox 624 2425 719 2458; x_wconf 83' lang='lat' dir='ltr'>ctiam</span> <span class='ocrx_word' id='word_1_226' title='bbox 741 2426 1022 2468; x_wconf 77' lang='lat' dir='ltr'>derogatoriarum</span> <span class='ocrx_word' id='word_1_227' title='bbox 1048 2426 1180 2469; x_wconf 82' lang='lat' dir='ltr'>deroga-</span> 
     </span>
     <span class='ocr_line' id='line_1_47' title="bbox 438 2477 1179 2520; baseline 0.003 -11"><span class='ocrx_word' id='word_1_228' title='bbox 438 2477 542 2516; x_wconf 85' lang='lat' dir='ltr'>toriis,</span> <span class='ocrx_word' id='word_1_229' title='bbox 571 2478 708 2520; x_wconf 84' lang='lat' dir='ltr'>aliisque</span> <span class='ocrx_word' id='word_1_230' title='bbox 735 2478 980 2519; x_wconf 80' lang='lat' dir='ltr'>efficacioribus,</span> <span class='ocrx_word' id='word_1_231' title='bbox 1000 2478 1179 2512; x_wconf 82' lang='lat' dir='ltr'>efficacissi-</span> 
     </span>
     <span class='ocr_line' id='line_1_48' title="bbox 437 2530 1179 2574; baseline 0.003 -12"><span class='ocrx_word' id='word_1_232' title='bbox 437 2530 499 2562; x_wconf 85' lang='lat' dir='ltr'>mis</span> <span class='ocrx_word' id='word_1_233' title='bbox 518 2535 549 2562; x_wconf 89' lang='lat' dir='ltr'>et</span> <span class='ocrx_word' id='word_1_234' title='bbox 567 2530 707 2563; x_wconf 83' lang='lat' dir='ltr'>insolitis</span> <span class='ocrx_word' id='word_1_235' title='bbox 726 2531 888 2570; x_wconf 73' lang='lat' dir='ltr'>clausulis,</span> <span class='ocrx_word' id='word_1_236' title='bbox 911 2531 1179 2574; x_wconf 86' lang='lat' dir='ltr'>irritantibusque</span> 
     </span>
     <span class='ocr_line' id='line_1_49' title="bbox 438 2583 1179 2627; baseline 0.001 -11"><span class='ocrx_word' id='word_1_237' title='bbox 438 2589 470 2616; x_wconf 87' lang='lat' dir='ltr'>et</span> <span class='ocrx_word' id='word_1_238' title='bbox 487 2583 557 2616; x_wconf 84' lang='lat' dir='ltr'>aliis</span> <span class='ocrx_word' id='word_1_239' title='bbox 575 2584 723 2623; x_wconf 75' lang='lat' dir='ltr'>decretis,</span> <span class='ocrx_word' id='word_1_240' title='bbox 744 2584 774 2615; x_wconf 93' lang='lat' dir='ltr'>in</span> <span class='ocrx_word' id='word_1_241' title='bbox 794 2594 914 2625; x_wconf 77' lang='lat' dir='ltr'>genere</span> <span class='ocrx_word' id='word_1_242' title='bbox 936 2586 985 2617; x_wconf 86' lang='lat' dir='ltr'>vel</span> <span class='ocrx_word' id='word_1_243' title='bbox 1003 2584 1034 2616; x_wconf 92' lang='lat' dir='ltr'>in</span> <span class='ocrx_word' id='word_1_244' title='bbox 1061 2584 1179 2627; x_wconf 88' lang='lat' dir='ltr'>specie,</span> 
     </span>
    </p>
   </div>
   <div class='ocr_carea' id='block_1_10' title="bbox 1198 1998 1966 2201">
    <p class='ocr_par' dir='ltr' id='par_1_11' title="bbox 1198 1998 1966 2201">
     <span class='ocr_line' id='line_1_50' title="bbox 1198 1998 1964 2046; baseline 0.005 -16"><span class='ocrx_word' id='word_1_245' title='bbox 1198 2008 1200 2046; x_wconf 40' lang='grc' dir='ltr'>ζ</span> <span class='ocrx_word' id='word_1_246' title='bbox 1221 2003 1291 2031; x_wconf 84' lang='lat' dir='ltr'>ceat</span> <span class='ocrx_word' id='word_1_247' title='bbox 1308 1998 1392 2031; x_wconf 80' lang='lat' dir='ltr'>lianc</span> <span class='ocrx_word' id='word_1_248' title='bbox 1406 1999 1558 2042; x_wconf 78' lang='lat' dir='ltr'>paginam</span> <span class='ocrx_word' id='word_1_249' title='bbox 1576 2005 1758 2033; x_wconf 86' lang='lat' dir='ltr'>nostrarum</span> <span class='ocrx_word' id='word_1_250' title='bbox 1778 2001 1964 2041; x_wconf 80' lang='lat' dir='ltr'>erectionis,</span> 
     </span>
     <span class='ocr_line' id='line_1_51' title="bbox 1198 2047 1966 2096; baseline 0.007 -14"><span class='ocrx_word' id='word_1_251' title='bbox 1198 2047 1444 2096; x_wconf 41' lang='lat' dir='ltr'>{institutionis</span> <span class='ocrx_word' id='word_1_252' title='bbox 1482 2052 1621 2092; x_wconf 88' lang='lat' dir='ltr'>unionis,</span> <span class='ocrx_word' id='word_1_253' title='bbox 1659 2053 1892 2094; x_wconf 85' lang='lat' dir='ltr'>concessionis,</span> <span class='ocrx_word' id='word_1_254' title='bbox 1919 2053 1966 2086; x_wconf 94' lang='lat' dir='ltr'>in-</span> 
     </span>
     <span class='ocr_line' id='line_1_52' title="bbox 1198 2101 1966 2148; baseline 0.005 -12"><span class='ocrx_word' id='word_1_255' title='bbox 1198 2101 1200 2144; x_wconf 64' lang='lat'><em>]</em></span> <span class='ocrx_word' id='word_1_256' title='bbox 1222 2103 1315 2143; x_wconf 90' lang='lat' dir='ltr'>dulti‚</span> <span class='ocrx_word' id='word_1_257' title='bbox 1343 2105 1518 2148; x_wconf 79' lang='lat' dir='ltr'>praecepti,</span> <span class='ocrx_word' id='word_1_258' title='bbox 1536 2105 1689 2146; x_wconf 88' lang='lat' dir='ltr'>mandati,</span> <span class='ocrx_word' id='word_1_259' title='bbox 1707 2106 1828 2140; x_wconf 81' lang='lat' dir='ltr'>decreti</span> <span class='ocrx_word' id='word_1_260' title='bbox 1854 2111 1886 2140; x_wconf 91' lang='lat' dir='ltr'>et</span> <span class='ocrx_word' id='word_1_261' title='bbox 1911 2106 1966 2140; x_wconf 91' lang='lat' dir='ltr'>de-</span> 
     </span>
     <span class='ocr_line' id='line_1_53' title="bbox 1200 2157 1966 2201; baseline 0.007 -13"><span class='ocrx_word' id='word_1_262' title='bbox 1200 2182 1201 2186; x_wconf 56' lang='lat'>,</span> <span class='ocrx_word' id='word_1_263' title='bbox 1222 2157 1399 2200; x_wconf 78' lang='lat' dir='ltr'>rogationis</span> <span class='ocrx_word' id='word_1_264' title='bbox 1425 2158 1614 2201; x_wconf 78' lang='lat' dir='ltr'>infringere,</span> <span class='ocrx_word' id='word_1_265' title='bbox 1632 2161 1682 2193; x_wconf 91' lang='lat' dir='ltr'>vel</span> <span class='ocrx_word' id='word_1_266' title='bbox 1709 2160 1737 2193; x_wconf 90' lang='lat' dir='ltr'>ei</span> <span class='ocrx_word' id='word_1_267' title='bbox 1763 2170 1840 2193; x_wconf 86' lang='lat' dir='ltr'>ausu</span> <span class='ocrx_word' id='word_1_268' title='bbox 1867 2165 1966 2193; x_wconf 88' lang='lat' dir='ltr'>teme-</span> 
     </span>
    </p>
   </div>
   <div class='ocr_carea' id='block_1_11' title="bbox 1199 2149 1203 2678">
    <p class='ocr_par' dir='ltr' id='par_1_12' title="bbox 1199 2149 1203 2678">
     <span class='ocr_line' id='line_1_54' title="bbox 1199 2149 1203 2678; baseline 0 0"><span class='ocrx_word' id='word_1_269' title='bbox 1199 2149 1203 2678; x_wconf 95' lang='lat' dir='ltr'> </span> 
     </span>
    </p>
   </div>
   <div class='ocr_carea' id='block_1_12' title="bbox 440 2636 1180 2680">
    <p class='ocr_par' dir='ltr' id='par_1_13' title="bbox 440 2636 1180 2680">
     <span class='ocr_line' id='line_1_55' title="bbox 440 2636 1180 2680; baseline -0.003 -11"><span class='ocrx_word' id='word_1_270' title='bbox 440 2636 535 2669; x_wconf 84' lang='lat' dir='ltr'>etiam</span> <span class='ocrx_word' id='word_1_271' title='bbox 562 2641 650 2669; x_wconf 89' lang='lat' dir='ltr'>motu</span> <span class='ocrx_word' id='word_1_272' title='bbox 673 2636 751 2679; x_wconf 89' lang='lat' dir='ltr'>pari,</span> <span class='ocrx_word' id='word_1_273' title='bbox 774 2646 810 2668; x_wconf 78' lang='lat' dir='ltr'>ac</span> <span class='ocrx_word' id='word_1_274' title='bbox 828 2636 1108 2680; x_wconf 79' lang='lat' dir='ltr'>consistorialiter,</span> <span class='ocrx_word' id='word_1_275' title='bbox 1126 2642 1180 2670; x_wconf 88' lang='lat' dir='ltr'>aut</span> 
     </span>
    </p>
   </div>
   <div class='ocr_carea' id='block_1_13' title="bbox 1215 249 1960 342">
    <p class='ocr_par' dir='ltr' id='par_1_14' title="bbox 1215 249 1960 342">
     <span class='ocr_line' id='line_1_56' title="bbox 1218 249 1376 274; baseline 0 0"><span class='ocrx_word' id='word_1_276' title='bbox 1218 249 1376 274; x_wconf 68' lang='lat' dir='ltr'>nomnen</span> 
     </span>
     <span class='ocr_line' id='line_1_57' title="bbox 1215 299 1960 342; baseline 0.004 -12"><span class='ocrx_word' id='word_1_277' title='bbox 1215 299 1294 331; x_wconf 77' lang='lat' dir='ltr'>alias</span> <span class='ocrx_word' id='word_1_278' title='bbox 1320 299 1581 342; x_wconf 88' lang='lat' dir='ltr'>quomodolibet,</span> <span class='ocrx_word' id='word_1_279' title='bbox 1617 300 1713 333; x_wconf 88' lang='lat' dir='ltr'>ctiam</span> <span class='ocrx_word' id='word_1_280' title='bbox 1739 299 1860 333; x_wconf 83' lang='lat' dir='ltr'>iteratis</span> <span class='ocrx_word' id='word_1_281' title='bbox 1884 301 1960 333; x_wconf 89' lang='lat' dir='ltr'>vici-</span> 
     </span>
    </p>
   </div>
   <div class='ocr_carea' id='block_1_14' title="bbox 1194 350 1961 396">
    <p class='ocr_par' dir='ltr' id='par_1_15' title="bbox 1194 350 1961 396">
     <span class='ocr_line' id='line_1_58' title="bbox 1194 350 1961 396; baseline 0.003 -13"><span class='ocrx_word' id='word_1_282' title='bbox 1194 350 1293 389; x_wconf 63' lang='lat' dir='ltr'>bus,</span> <span class='ocrx_word' id='word_1_283' title='bbox 1319 353 1349 384; x_wconf 91' lang='lat' dir='ltr'>in</span> <span class='ocrx_word' id='word_1_284' title='bbox 1377 352 1576 385; x_wconf 83' lang='lat' dir='ltr'>contrarium</span> <span class='ocrx_word' id='word_1_285' title='bbox 1602 353 1859 396; x_wconf 85' lang='lat' dir='ltr'>praemissorum</span> <span class='ocrx_word' id='word_1_286' title='bbox 1885 363 1961 386; x_wconf 92' lang='lat' dir='ltr'>con-</span> 
     </span>
    </p>
   </div>
   <div class='ocr_carea' id='block_1_15' title="bbox 1216 405 1960 448">
    <p class='ocr_par' dir='ltr' id='par_1_16' title="bbox 1216 405 1960 448">
     <span class='ocr_line' id='line_1_59' title="bbox 1216 405 1960 448; baseline 0.001 -11"><span class='ocrx_word' id='word_1_287' title='bbox 1216 406 1333 445; x_wconf 81' lang='lat' dir='ltr'>cessis,</span> <span class='ocrx_word' id='word_1_288' title='bbox 1362 405 1566 448; x_wconf 82' lang='lat' dir='ltr'>approbatis,</span> <span class='ocrx_word' id='word_1_289' title='bbox 1586 405 1784 438; x_wconf 77' lang='lat' dir='ltr'>confirmatis</span> <span class='ocrx_word' id='word_1_290' title='bbox 1810 411 1841 439; x_wconf 89' lang='lat' dir='ltr'>et</span> <span class='ocrx_word' id='word_1_291' title='bbox 1864 405 1960 438; x_wconf 88' lang='lat' dir='ltr'>inno·</span> 
     </span>
    </p>
   </div>
   <div class='ocr_carea' id='block_1_16' title="bbox 1194 456 1959 502">
    <p class='ocr_par' dir='ltr' id='par_1_17' title="bbox 1194 456 1959 502">
     <span class='ocr_line' id='line_1_60' title="bbox 1194 456 1959 502; baseline 0.001 -12"><span class='ocrx_word' id='word_1_292' title='bbox 1194 456 1319 498; x_wconf 80' lang='lat' dir='ltr'>]vatis,</span> <span class='ocrx_word' id='word_1_293' title='bbox 1348 458 1473 491; x_wconf 84' lang='lat' dir='ltr'>etiamsi</span> <span class='ocrx_word' id='word_1_294' title='bbox 1500 458 1532 490; x_wconf 92' lang='lat' dir='ltr'>in</span> <span class='ocrx_word' id='word_1_295' title='bbox 1559 458 1605 491; x_wconf 91' lang='lat' dir='ltr'>eis</span> <span class='ocrx_word' id='word_1_296' title='bbox 1631 464 1782 491; x_wconf 85' lang='lat' dir='ltr'>caveatur</span> <span class='ocrx_word' id='word_1_297' title='bbox 1806 468 1959 502; x_wconf 82' lang='lat' dir='ltr'>expresse</span> 
     </span>
    </p>
   </div>
   <div class='ocr_carea' id='block_1_17' title="bbox 1216 510 1962 976">
    <p class='ocr_par' dir='ltr' id='par_1_18' title="bbox 1216 510 1962 976">
     <span class='ocr_line' id='line_1_61' title="bbox 1217 510 1961 554; baseline 0.003 -13"><span class='ocrx_word' id='word_1_298' title='bbox 1217 511 1301 553; x_wconf 89' lang='lat' dir='ltr'>quod</span> <span class='ocrx_word' id='word_1_299' title='bbox 1328 510 1392 543; x_wconf 85' lang='lat' dir='ltr'>illis</span> <span class='ocrx_word' id='word_1_300' title='bbox 1417 521 1476 554; x_wconf 87' lang='lat' dir='ltr'>per</span> <span class='ocrx_word' id='word_1_301' title='bbox 1500 521 1723 554; x_wconf 82' lang='lat' dir='ltr'>quascumque</span> <span class='ocrx_word' id='word_1_302' title='bbox 1741 511 1865 543; x_wconf 85' lang='lat' dir='ltr'>litteras</span> <span class='ocrx_word' id='word_1_303' title='bbox 1883 521 1961 554; x_wconf 84' lang='lat' dir='ltr'>apo-</span> 
     </span>
     <span class='ocr_line' id='line_1_62' title="bbox 1216 563 1959 607; baseline 0.003 -12"><span class='ocrx_word' id='word_1_304' title='bbox 1216 564 1355 604; x_wconf 86' lang='lat' dir='ltr'>stolicas,</span> <span class='ocrx_word' id='word_1_305' title='bbox 1378 564 1473 596; x_wconf 87' lang='lat' dir='ltr'>etiam</span> <span class='ocrx_word' id='word_1_306' title='bbox 1499 568 1587 596; x_wconf 89' lang='lat' dir='ltr'>motu</span> <span class='ocrx_word' id='word_1_307' title='bbox 1615 563 1710 597; x_wconf 90' lang='lat' dir='ltr'>simili</span> <span class='ocrx_word' id='word_1_308' title='bbox 1732 574 1792 607; x_wconf 90' lang='lat' dir='ltr'>pro</span> <span class='ocrx_word' id='word_1_309' title='bbox 1812 569 1959 607; x_wconf 89' lang='lat' dir='ltr'>tempore</span> 
     </span>
     <span class='ocr_line' id='line_1_63' title="bbox 1217 617 1959 659; baseline 0.001 -10"><span class='ocrx_word' id='word_1_310' title='bbox 1217 626 1405 657; x_wconf 86' lang='lat' dir='ltr'>concessas,</span> <span class='ocrx_word' id='word_1_311' title='bbox 1432 621 1463 649; x_wconf 90' lang='lat' dir='ltr'>et</span> <span class='ocrx_word' id='word_1_312' title='bbox 1492 626 1715 659; x_wconf 84' lang='lat' dir='ltr'>quascumque</span> <span class='ocrx_word' id='word_1_313' title='bbox 1741 617 1838 649; x_wconf 89' lang='lat' dir='ltr'>etiam</span> <span class='ocrx_word' id='word_1_314' title='bbox 1864 617 1959 651; x_wconf 87' lang='lat' dir='ltr'>dero-</span> 
     </span>
     <span class='ocr_line' id='line_1_64' title="bbox 1217 670 1961 712; baseline 0.001 -10"><span class='ocrx_word' id='word_1_315' title='bbox 1217 670 1415 712; x_wconf 83' lang='lat' dir='ltr'>gatoriarum</span> <span class='ocrx_word' id='word_1_316' title='bbox 1441 670 1665 712; x_wconf 79' lang='lat' dir='ltr'>derogatorias</span> <span class='ocrx_word' id='word_1_317' title='bbox 1688 670 1719 702; x_wconf 93' lang='lat' dir='ltr'>in</span> <span class='ocrx_word' id='word_1_318' title='bbox 1742 680 1774 703; x_wconf 91' lang='lat' dir='ltr'>se</span> <span class='ocrx_word' id='word_1_319' title='bbox 1793 670 1961 704; x_wconf 85' lang='lat' dir='ltr'>continen-</span> 
     </span>
     <span class='ocr_line' id='line_1_65' title="bbox 1216 722 1962 766; baseline 0.001 -12"><span class='ocrx_word' id='word_1_320' title='bbox 1216 726 1271 760; x_wconf 76' lang='lat' dir='ltr'>teS,</span> <span class='ocrx_word' id='word_1_321' title='bbox 1292 722 1443 765; x_wconf 78' lang='lat' dir='ltr'>derogari</span> <span class='ocrx_word' id='word_1_322' title='bbox 1459 732 1524 755; x_wconf 91' lang='lat' dir='ltr'>non</span> <span class='ocrx_word' id='word_1_323' title='bbox 1542 722 1659 766; x_wconf 82' lang='lat' dir='ltr'>possit,</span> <span class='ocrx_word' id='word_1_324' title='bbox 1672 732 1778 766; x_wconf 84' lang='lat' dir='ltr'>neque</span> <span class='ocrx_word' id='word_1_325' title='bbox 1793 728 1962 757; x_wconf 86' lang='lat' dir='ltr'>censeatur</span> 
     </span>
     <span class='ocr_line' id='line_1_66' title="bbox 1217 774 1962 818; baseline 0.003 -12"><span class='ocrx_word' id='word_1_326' title='bbox 1217 774 1262 806; x_wconf 91' lang='lat' dir='ltr'>eis</span> <span class='ocrx_word' id='word_1_327' title='bbox 1289 775 1498 817; x_wconf 66' lang='lat' dir='ltr'>derogatum,</span> <span class='ocrx_word' id='word_1_328' title='bbox 1525 775 1642 818; x_wconf 88' lang='lat' dir='ltr'>quibus</span> <span class='ocrx_word' id='word_1_329' title='bbox 1667 775 1817 808; x_wconf 88' lang='lat' dir='ltr'>omnibus</span> <span class='ocrx_word' id='word_1_330' title='bbox 1843 779 1873 810; x_wconf 84' lang='lat' dir='ltr'>et</span> <span class='ocrx_word' id='word_1_331' title='bbox 1899 776 1962 809; x_wconf 87' lang='lat' dir='ltr'>sin-</span> 
     </span>
     <span class='ocr_line' id='line_1_67' title="bbox 1217 827 1962 873; baseline 0.005 -15"><span class='ocrx_word' id='word_1_332' title='bbox 1217 827 1309 869; x_wconf 78' lang='lat' dir='ltr'>gulis,</span> <span class='ocrx_word' id='word_1_333' title='bbox 1337 827 1462 860; x_wconf 87' lang='lat' dir='ltr'>etiamsi</span> <span class='ocrx_word' id='word_1_334' title='bbox 1501 828 1541 860; x_wconf 90' lang='lat' dir='ltr'>de</span> <span class='ocrx_word' id='word_1_335' title='bbox 1578 828 1643 861; x_wconf 90' lang='lat' dir='ltr'>illis</span> <span class='ocrx_word' id='word_1_336' title='bbox 1681 839 1860 873; x_wconf 88' lang='lat' dir='ltr'>eorumque</span> <span class='ocrx_word' id='word_1_337' title='bbox 1886 829 1962 862; x_wconf 86' lang='lat' dir='ltr'>totis</span> 
     </span>
     <span class='ocr_line' id='line_1_68' title="bbox 1217 881 1962 927; baseline 0.005 -15"><span class='ocrx_word' id='word_1_338' title='bbox 1217 881 1386 913; x_wconf 82' lang='lat' dir='ltr'>tenoribus</span> <span class='ocrx_word' id='word_1_339' title='bbox 1422 881 1582 925; x_wconf 85' lang='lat' dir='ltr'>specialis,</span> <span class='ocrx_word' id='word_1_340' title='bbox 1620 882 1781 926; x_wconf 80' lang='lat' dir='ltr'>specifica,</span> <span class='ocrx_word' id='word_1_341' title='bbox 1808 893 1962 927; x_wconf 78' lang='lat' dir='ltr'>expressa</span> 
     </span>
     <span class='ocr_line' id='line_1_69' title="bbox 1218 934 1960 976; baseline 0.003 -9"><span class='ocrx_word' id='word_1_342' title='bbox 1218 939 1249 967; x_wconf 91' lang='lat' dir='ltr'>ct</span> <span class='ocrx_word' id='word_1_343' title='bbox 1275 934 1449 976; x_wconf 84' lang='lat' dir='ltr'>individua,</span> <span class='ocrx_word' id='word_1_344' title='bbox 1476 945 1511 968; x_wconf 88' lang='lat' dir='ltr'>ac</span> <span class='ocrx_word' id='word_1_345' title='bbox 1538 936 1577 968; x_wconf 92' lang='lat' dir='ltr'>de</span> <span class='ocrx_word' id='word_1_346' title='bbox 1602 937 1702 969; x_wconf 90' lang='lat' dir='ltr'>verbo</span> <span class='ocrx_word' id='word_1_347' title='bbox 1738 937 1778 969; x_wconf 86' lang='lat' dir='ltr'>ad</span> <span class='ocrx_word' id='word_1_348' title='bbox 1813 936 1960 976; x_wconf 87' lang='lat' dir='ltr'>verbum,</span> 
     </span>
    </p>
   </div>
   <div class='ocr_carea' id='block_1_18' title="bbox 1218 989 1962 1033">
    <p class='ocr_par' dir='ltr' id='par_1_19' title="bbox 1194 989 1962 1038">
     <span class='ocr_line' id='line_1_70' title="bbox 1218 989 1962 1033; baseline 0.004 -12.906"><span class='ocrx_word' id='word_1_349' title='bbox 1218 997 1282 1020; x_wconf 87' lang='lat' dir='ltr'>non</span> <span class='ocrx_word' id='word_1_350' title='bbox 1302 993 1407 1021; x_wconf 85' lang='lat' dir='ltr'>autem</span> <span class='ocrx_word' id='word_1_351' title='bbox 1426 999 1486 1032; x_wconf 87' lang='lat' dir='ltr'>per</span> <span class='ocrx_word' id='word_1_352' title='bbox 1503 989 1662 1022; x_wconf 84' lang='lat' dir='ltr'>clausulas</span> <span class='ocrx_word' id='word_1_353' title='bbox 1680 991 1851 1033; x_wconf 78' lang='lat' dir='ltr'>generales</span> <span class='ocrx_word' id='word_1_354' title='bbox 1876 990 1962 1024; x_wconf 91' lang='lat' dir='ltr'>idem</span> 
     </span>
    </p>
   </div>
   <div class='ocr_carea' id='block_1_19' title="bbox 1218 1040 1964 1404">
    <p class='ocr_par' dir='ltr' id='par_1_20' title="bbox 1218 1040 1964 1404">
     <span class='ocr_line' id='line_1_71' title="bbox 1218 1040 1962 1086; baseline 0.003 -12"><span class='ocrx_word' id='word_1_355' title='bbox 1218 1040 1455 1084; x_wconf 87' lang='lat' dir='ltr'>importantes‚</span> <span class='ocrx_word' id='word_1_356' title='bbox 1481 1043 1606 1076; x_wconf 88' lang='lat' dir='ltr'>mentio</span> <span class='ocrx_word' id='word_1_357' title='bbox 1639 1053 1693 1076; x_wconf 85' lang='lat' dir='ltr'>seu</span> <span class='ocrx_word' id='word_1_358' title='bbox 1732 1043 1863 1086; x_wconf 83' lang='lat' dir='ltr'>quaevis</span> <span class='ocrx_word' id='word_1_359' title='bbox 1900 1043 1962 1077; x_wconf 88' lang='lat' dir='ltr'>alia</span> 
     </span>
     <span class='ocr_line' id='line_1_72' title="bbox 1219 1095 1964 1140; baseline 0.004 -14"><span class='ocrx_word' id='word_1_360' title='bbox 1219 1095 1387 1137; x_wconf 83' lang='lat' dir='ltr'>expressio</span> <span class='ocrx_word' id='word_1_361' title='bbox 1406 1095 1559 1128; x_wconf 82' lang='lat' dir='ltr'>habenda</span> <span class='ocrx_word' id='word_1_362' title='bbox 1577 1101 1633 1128; x_wconf 89' lang='lat' dir='ltr'>aut</span> <span class='ocrx_word' id='word_1_363' title='bbox 1661 1106 1883 1140; x_wconf 87' lang='lat' dir='ltr'>quaecumque</span> <span class='ocrx_word' id='word_1_364' title='bbox 1901 1096 1964 1130; x_wconf 85' lang='lat' dir='ltr'>alia</span> 
     </span>
     <span class='ocr_line' id='line_1_73' title="bbox 1219 1147 1962 1190; baseline 0.003 -10"><span class='ocrx_word' id='word_1_365' title='bbox 1219 1147 1377 1190; x_wconf 79' lang='lat' dir='ltr'>exquisita</span> <span class='ocrx_word' id='word_1_366' title='bbox 1410 1149 1515 1181; x_wconf 86' lang='lat' dir='ltr'>forma</span> <span class='ocrx_word' id='word_1_367' title='bbox 1540 1149 1578 1181; x_wconf 89' lang='lat' dir='ltr'>ad</span> <span class='ocrx_word' id='word_1_368' title='bbox 1601 1148 1666 1182; x_wconf 86' lang='lat' dir='ltr'>lioc</span> <span class='ocrx_word' id='word_1_369' title='bbox 1691 1149 1847 1182; x_wconf 82' lang='lat' dir='ltr'>servanda</span> <span class='ocrx_word' id='word_1_370' title='bbox 1871 1149 1962 1189; x_wconf 84' lang='lat' dir='ltr'>soret,</span> 
     </span>
     <span class='ocr_line' id='line_1_74' title="bbox 1219 1200 1961 1244; baseline 0.004 -13"><span class='ocrx_word' id='word_1_371' title='bbox 1219 1200 1350 1233; x_wconf 89' lang='lat' dir='ltr'>illorum</span> <span class='ocrx_word' id='word_1_372' title='bbox 1378 1202 1522 1234; x_wconf 90' lang='lat' dir='ltr'>omnium</span> <span class='ocrx_word' id='word_1_373' title='bbox 1545 1207 1576 1235; x_wconf 90' lang='lat' dir='ltr'>et</span> <span class='ocrx_word' id='word_1_374' title='bbox 1593 1202 1796 1244; x_wconf 78' lang='lat' dir='ltr'>singulorum</span> <span class='ocrx_word' id='word_1_375' title='bbox 1823 1208 1961 1243; x_wconf 84' lang='lat' dir='ltr'>tenores,</span> 
     </span>
     <span class='ocr_line' id='line_1_75' title="bbox 1220 1253 1964 1299; baseline 0.005 -14"><span class='ocrx_word' id='word_1_376' title='bbox 1220 1253 1339 1286; x_wconf 81' lang='lat' dir='ltr'>formas</span> <span class='ocrx_word' id='word_1_377' title='bbox 1366 1259 1396 1287; x_wconf 92' lang='lat' dir='ltr'>et</span> <span class='ocrx_word' id='word_1_378' title='bbox 1422 1255 1594 1295; x_wconf 83' lang='lat' dir='ltr'>clausulas,</span> <span class='ocrx_word' id='word_1_379' title='bbox 1628 1256 1725 1289; x_wconf 87' lang='lat' dir='ltr'>etiam</span> <span class='ocrx_word' id='word_1_380' title='bbox 1759 1256 1964 1299; x_wconf 87' lang='lat' dir='ltr'>quantumvis</span> 
     </span>
     <span class='ocr_line' id='line_1_76' title="bbox 1219 1308 1964 1353; baseline 0.005 -15"><span class='ocrx_word' id='word_1_381' title='bbox 1219 1312 1451 1349; x_wconf 75' lang='lat' dir='ltr'>praegnantes,</span> <span class='ocrx_word' id='word_1_382' title='bbox 1480 1308 1573 1351; x_wconf 87' lang='lat' dir='ltr'>pias,</span> <span class='ocrx_word' id='word_1_383' title='bbox 1599 1308 1841 1351; x_wconf 83' lang='lat' dir='ltr'>privilegiatas‚</span> <span class='ocrx_word' id='word_1_384' title='bbox 1869 1319 1964 1353; x_wconf 89' lang='lat' dir='ltr'>prae-</span> 
     </span>
     <span class='ocr_line' id='line_1_77' title="bbox 1220 1360 1962 1404; baseline 0.005 -13"><span class='ocrx_word' id='word_1_385' title='bbox 1220 1360 1368 1393; x_wconf 85' lang='lat' dir='ltr'>sentibus</span> <span class='ocrx_word' id='word_1_386' title='bbox 1387 1370 1446 1404; x_wconf 87' lang='lat' dir='ltr'>pro</span> <span class='ocrx_word' id='word_1_387' title='bbox 1471 1362 1568 1404; x_wconf 88' lang='lat' dir='ltr'>plene</span> <span class='ocrx_word' id='word_1_388' title='bbox 1596 1366 1627 1394; x_wconf 89' lang='lat' dir='ltr'>et</span> <span class='ocrx_word' id='word_1_389' title='bbox 1652 1361 1852 1395; x_wconf 82' lang='lat' dir='ltr'>sufficienter</span> <span class='ocrx_word' id='word_1_390' title='bbox 1868 1373 1904 1395; x_wconf 90' lang='lat' dir='ltr'>ac</span> <span class='ocrx_word' id='word_1_391' title='bbox 1923 1363 1962 1395; x_wconf 87' lang='lat' dir='ltr'>de</span> 
     </span>
    </p>
   </div>
   <div class='ocr_carea' id='block_1_20' title="bbox 1196 1414 1960 1458">
    <p class='ocr_par' dir='ltr' id='par_1_21' title="bbox 1196 1414 1960 1458">
     <span class='ocr_line' id='line_1_78' title="bbox 1196 1414 1960 1458; baseline 0.004 -12"><span class='ocrx_word' id='word_1_392' title='bbox 1196 1425 1199 1436; x_wconf 66' lang='lat'><strong>⁴</strong></span> <span class='ocrx_word' id='word_1_393' title='bbox 1219 1414 1317 1447; x_wconf 88' lang='lat' dir='ltr'>verbo</span> <span class='ocrx_word' id='word_1_394' title='bbox 1343 1414 1380 1447; x_wconf 87' lang='lat' dir='ltr'>ad</span> <span class='ocrx_word' id='word_1_395' title='bbox 1407 1415 1551 1454; x_wconf 88' lang='lat' dir='ltr'>verbum,</span> <span class='ocrx_word' id='word_1_396' title='bbox 1570 1415 1651 1448; x_wconf 86' lang='lat' dir='ltr'>nihil</span> <span class='ocrx_word' id='word_1_397' title='bbox 1674 1415 1803 1458; x_wconf 89' lang='lat' dir='ltr'>penitus</span> <span class='ocrx_word' id='word_1_398' title='bbox 1828 1415 1960 1456; x_wconf 90' lang='lat' dir='ltr'>omisso,</span> 
     </span>
    </p>
   </div>
   <div class='ocr_carea' id='block_1_21' title="bbox 1220 1467 1966 1779">
    <p class='ocr_par' dir='ltr' id='par_1_22' title="bbox 1220 1467 1966 1779">
     <span class='ocr_line' id='line_1_79' title="bbox 1220 1467 1966 1511; baseline 0.003 -11"><span class='ocrx_word' id='word_1_399' title='bbox 1220 1467 1361 1507; x_wconf 88' lang='lat' dir='ltr'>insertis,</span> <span class='ocrx_word' id='word_1_400' title='bbox 1389 1468 1551 1511; x_wconf 76' lang='lat' dir='ltr'>expressis</span> <span class='ocrx_word' id='word_1_401' title='bbox 1570 1472 1599 1501; x_wconf 88' lang='lat' dir='ltr'>et</span> <span class='ocrx_word' id='word_1_402' title='bbox 1619 1468 1814 1511; x_wconf 80' lang='lat' dir='ltr'>specificatis</span> <span class='ocrx_word' id='word_1_403' title='bbox 1839 1469 1966 1503; x_wconf 86' lang='lat' dir='ltr'>haben-</span> 
     </span>
     <span class='ocr_line' id='line_1_80' title="bbox 1221 1520 1965 1566; baseline 0.004 -14"><span class='ocrx_word' id='word_1_404' title='bbox 1221 1525 1279 1561; x_wconf 86' lang='lat' dir='ltr'>tes,</span> <span class='ocrx_word' id='word_1_405' title='bbox 1299 1520 1363 1554; x_wconf 89' lang='lat' dir='ltr'>illis</span> <span class='ocrx_word' id='word_1_406' title='bbox 1389 1521 1467 1554; x_wconf 77' lang='lat' dir='ltr'>alias</span> <span class='ocrx_word' id='word_1_407' title='bbox 1493 1521 1525 1554; x_wconf 91' lang='lat' dir='ltr'>in</span> <span class='ocrx_word' id='word_1_408' title='bbox 1551 1532 1610 1555; x_wconf 89' lang='lat' dir='ltr'>suo</span> <span class='ocrx_word' id='word_1_409' title='bbox 1635 1521 1753 1555; x_wconf 90' lang='lat' dir='ltr'>robore</span> <span class='ocrx_word' id='word_1_410' title='bbox 1778 1532 1965 1566; x_wconf 88' lang='lat' dir='ltr'>permansu-</span> 
     </span>
     <span class='ocr_line' id='line_1_81' title="bbox 1220 1574 1966 1617; baseline 0.004 -11"><span class='ocrx_word' id='word_1_411' title='bbox 1220 1574 1274 1614; x_wconf 86' lang='lat' dir='ltr'>ris,</span> <span class='ocrx_word' id='word_1_412' title='bbox 1302 1574 1339 1607; x_wconf 87' lang='lat' dir='ltr'>ad</span> <span class='ocrx_word' id='word_1_413' title='bbox 1367 1575 1621 1617; x_wconf 88' lang='lat' dir='ltr'>praemissorum</span> <span class='ocrx_word' id='word_1_414' title='bbox 1658 1575 1802 1609; x_wconf 89' lang='lat' dir='ltr'>omnium</span> <span class='ocrx_word' id='word_1_415' title='bbox 1837 1581 1870 1609; x_wconf 86' lang='lat' dir='ltr'>et</span> <span class='ocrx_word' id='word_1_416' title='bbox 1900 1576 1966 1609; x_wconf 88' lang='lat' dir='ltr'>sin-</span> 
     </span>
     <span class='ocr_line' id='line_1_82' title="bbox 1220 1628 1963 1670; baseline 0.004 -11"><span class='ocrx_word' id='word_1_417' title='bbox 1220 1628 1371 1669; x_wconf 79' lang='lat' dir='ltr'>gulorum</span> <span class='ocrx_word' id='word_1_418' title='bbox 1386 1628 1620 1661; x_wconf 89' lang='lat' dir='ltr'>validissimum</span> <span class='ocrx_word' id='word_1_419' title='bbox 1642 1629 1797 1670; x_wconf 72' lang='lat' dir='ltr'>effectum,</span> <span class='ocrx_word' id='word_1_420' title='bbox 1817 1629 1878 1663; x_wconf 84' lang='lat' dir='ltr'>hac</span> <span class='ocrx_word' id='word_1_421' title='bbox 1895 1629 1963 1663; x_wconf 89' lang='lat' dir='ltr'>vioe</span> 
     </span>
     <span class='ocr_line' id='line_1_83' title="bbox 1221 1680 1965 1725; baseline 0.005 -13"><span class='ocrx_word' id='word_1_422' title='bbox 1221 1680 1396 1721; x_wconf 79' lang='lat' dir='ltr'>dumtaxat,</span> <span class='ocrx_word' id='word_1_423' title='bbox 1414 1681 1571 1714; x_wconf 86' lang='lat' dir='ltr'>latissime</span> <span class='ocrx_word' id='word_1_424' title='bbox 1591 1686 1623 1714; x_wconf 90' lang='lat' dir='ltr'>et</span> <span class='ocrx_word' id='word_1_425' title='bbox 1639 1682 1828 1725; x_wconf 88' lang='lat' dir='ltr'>plenissime</span> <span class='ocrx_word' id='word_1_426' title='bbox 1851 1687 1881 1716; x_wconf 91' lang='lat' dir='ltr'>et</span> <span class='ocrx_word' id='word_1_427' title='bbox 1899 1682 1965 1716; x_wconf 81' lang='lat' dir='ltr'>suf-</span> 
     </span>
     <span class='ocr_line' id='line_1_84' title="bbox 1220 1732 1963 1779; baseline 0.007 -14"><span class='ocrx_word' id='word_1_428' title='bbox 1220 1732 1379 1774; x_wconf 79' lang='lat' dir='ltr'>ficienter,</span> <span class='ocrx_word' id='word_1_429' title='bbox 1400 1744 1527 1767; x_wconf 89' lang='lat' dir='ltr'>necnon</span> <span class='ocrx_word' id='word_1_430' title='bbox 1545 1735 1733 1778; x_wconf 86' lang='lat' dir='ltr'>specialiter</span> <span class='ocrx_word' id='word_1_431' title='bbox 1753 1740 1785 1769; x_wconf 86' lang='lat' dir='ltr'>et</span> <span class='ocrx_word' id='word_1_432' title='bbox 1802 1747 1963 1779; x_wconf 76' lang='lat' dir='ltr'>expresse,</span> 
     </span>
    </p>
   </div>
   <div class='ocr_carea' id='block_1_22' title="bbox 1197 1786 1964 1832">
    <p class='ocr_par' dir='ltr' id='par_1_23' title="bbox 1197 1786 1964 1832">
     <span class='ocr_line' id='line_1_85' title="bbox 1197 1786 1964 1832; baseline 0.008 -15"><span class='ocrx_word' id='word_1_433' title='bbox 1197 1815 1199 1826; x_wconf 63' lang='lat'>,</span> <span class='ocrx_word' id='word_1_434' title='bbox 1221 1790 1318 1824; x_wconf 86' lang='lat' dir='ltr'>motu,</span> <span class='ocrx_word' id='word_1_435' title='bbox 1344 1786 1478 1819; x_wconf 74' lang='lat' dir='ltr'>scicntia</span> <span class='ocrx_word' id='word_1_436' title='bbox 1507 1793 1538 1820; x_wconf 90' lang='lat' dir='ltr'>et</span> <span class='ocrx_word' id='word_1_437' title='bbox 1570 1788 1737 1831; x_wconf 85' lang='lat' dir='ltr'>potestatis</span> <span class='ocrx_word' id='word_1_438' title='bbox 1762 1789 1964 1832; x_wconf 90' lang='lat' dir='ltr'>plenitudine</span> 
     </span>
    </p>
   </div>
   <div class='ocr_carea' id='block_1_23' title="bbox 1221 1838 1967 1989">
    <p class='ocr_par' dir='ltr' id='par_1_24' title="bbox 1221 1838 1967 1989">
     <span class='ocr_line' id='line_1_86' title="bbox 1221 1838 1966 1885; baseline 0.008 -15"><span class='ocrx_word' id='word_1_439' title='bbox 1221 1838 1390 1879; x_wconf 85' lang='lat' dir='ltr'>similibus,</span> <span class='ocrx_word' id='word_1_440' title='bbox 1416 1840 1531 1873; x_wconf 86' lang='lat' dir='ltr'>harum</span> <span class='ocrx_word' id='word_1_441' title='bbox 1557 1841 1640 1874; x_wconf 88' lang='lat' dir='ltr'>serie</span> <span class='ocrx_word' id='word_1_442' title='bbox 1667 1842 1887 1885; x_wconf 79' lang='lat' dir='ltr'>derogamus3</span> <span class='ocrx_word' id='word_1_443' title='bbox 1914 1852 1966 1876; x_wconf 85' lang='lat' dir='ltr'>ce-</span> 
     </span>
     <span class='ocr_line' id='line_1_87' title="bbox 1222 1892 1860 1939; baseline 0.006 -15"><span class='ocrx_word' id='word_1_444' title='bbox 1222 1892 1363 1935; x_wconf 83' lang='lat' dir='ltr'>terisque</span> <span class='ocrx_word' id='word_1_445' title='bbox 1389 1893 1562 1926; x_wconf 88' lang='lat' dir='ltr'>contrariis</span> <span class='ocrx_word' id='word_1_446' title='bbox 1588 1894 1860 1939; x_wconf 87' lang='lat' dir='ltr'>quibuscumque.</span> 
     </span>
     <span class='ocr_line' id='line_1_88' title="bbox 1265 1944 1967 1989; baseline 0.004 -11"><span class='ocrx_word' id='word_1_447' title='bbox 1265 1944 1335 1988; x_wconf 52' lang='lat'>§,8.</span> <span class='ocrx_word' id='word_1_448' title='bbox 1359 1945 1443 1978; x_wconf 84' lang='lat' dir='ltr'>Nulli</span> <span class='ocrx_word' id='word_1_449' title='bbox 1471 1956 1547 1989; x_wconf 78' lang='lat' dir='ltr'>ergo</span> <span class='ocrx_word' id='word_1_450' title='bbox 1574 1947 1707 1980; x_wconf 88' lang='lat' dir='ltr'>omnino</span> <span class='ocrx_word' id='word_1_451' title='bbox 1733 1948 1904 1981; x_wconf 87' lang='lat' dir='ltr'>hominum</span> <span class='ocrx_word' id='word_1_452' title='bbox 1928 1948 1967 1982; x_wconf 94' lang='lat' dir='ltr'>li-</span> 
     </span>
    </p>
   </div>
   <div class='ocr_carea' id='block_1_24' title="bbox 1968 252 2170 291">
    <p class='ocr_par' dir='ltr' id='par_1_25' title="bbox 1968 252 2170 291">
     <span class='ocr_line' id='line_1_89' title="bbox 1968 252 2170 291; baseline 0.025 -12"><span class='ocrx_word' id='word_1_453' title='bbox 1968 252 2017 281; x_wconf 71' lang='lat' dir='ltr'>An.</span> <span class='ocrx_word' id='word_1_454' title='bbox 2039 253 2066 281; x_wconf 92' lang='lat' dir='ltr'>C.</span> <span class='ocrx_word' id='word_1_455' title='bbox 2083 255 2147 287; x_wconf 70' lang='lat'>¹725</span> <span class='ocrx_word' id='word_1_456' title='bbox 2168 288 2170 291; x_wconf 31' lang='lat'>¹</span> 
     </span>
    </p>
   </div>
   <div class='ocr_carea' id='block_1_25' title="bbox 2003 1955 2158 1982">
    <p class='ocr_par' dir='ltr' id='par_1_26' title="bbox 2003 1955 2158 1982">
     <span class='ocr_line' id='line_1_90' title="bbox 2003 1955 2158 1982; baseline 0.006 -7"><span class='ocrx_word' id='word_1_457' title='bbox 2003 1955 2090 1976; x_wconf 82' lang='lat' dir='ltr'>Sanctio</span> <span class='ocrx_word' id='word_1_458' title='bbox 2107 1960 2158 1982; x_wconf 75' lang='lat' dir='ltr'>poe-</span> 
     </span>
    </p>
   </div>
   <div class='ocr_carea' id='block_1_26' title="bbox 1929 1982 2040 2007">
    <p class='ocr_par' dir='ltr' id='par_1_27' title="bbox 1929 1982 2040 2007">
     <span class='ocr_line' id='line_1_91' title="bbox 1929 1982 2040 2007; baseline 0.018 -6"><span class='ocrx_word' id='word_1_459' title='bbox 1929 2001 1934 2007; x_wconf 84' lang='grc'>,</span> <span class='ocrx_word' id='word_1_460' title='bbox 1976 1982 2040 2003; x_wconf 74' lang='lat' dir='ltr'>naus.</span> 
     </span>
    </p>
   </div>
   <div class='ocr_carea' id='block_1_27' title="bbox 1222 2211 1966 2626">
    <p class='ocr_par' dir='ltr' id='par_1_28' title="bbox 1222 2211 1966 2458">
     <span class='ocr_line' id='line_1_92' title="bbox 1223 2211 1966 2256; baseline 0.005 -13"><span class='ocrx_word' id='word_1_461' title='bbox 1223 2211 1309 2243; x_wconf 83' lang='lat' dir='ltr'>rario</span> <span class='ocrx_word' id='word_1_462' title='bbox 1335 2212 1519 2252; x_wconf 82' lang='lat' dir='ltr'>contraire3</span> <span class='ocrx_word' id='word_1_463' title='bbox 1548 2212 1572 2245; x_wconf 91' lang='lat' dir='ltr'>si</span> <span class='ocrx_word' id='word_1_464' title='bbox 1605 2213 1675 2256; x_wconf 91' lang='lat' dir='ltr'>quis</span> <span class='ocrx_word' id='word_1_465' title='bbox 1700 2219 1807 2246; x_wconf 87' lang='lat' dir='ltr'>autem</span> <span class='ocrx_word' id='word_1_466' title='bbox 1832 2213 1894 2247; x_wconf 86' lang='lat' dir='ltr'>hoc</span> <span class='ocrx_word' id='word_1_467' title='bbox 1918 2219 1966 2247; x_wconf 85' lang='lat' dir='ltr'>at-</span> 
     </span>
     <span class='ocr_line' id='line_1_93' title="bbox 1223 2265 1965 2309; baseline 0.003 -13"><span class='ocrx_word' id='word_1_468' title='bbox 1223 2268 1348 2297; x_wconf 87' lang='lat' dir='ltr'>tentare</span> <span class='ocrx_word' id='word_1_469' title='bbox 1389 2265 1661 2308; x_wconf 87' lang='lat' dir='ltr'>praesumpserit,</span> <span class='ocrx_word' id='word_1_470' title='bbox 1708 2265 1965 2309; x_wconf 80' lang='lat' dir='ltr'>indignationem</span> 
     </span>
     <span class='ocr_line' id='line_1_94' title="bbox 1222 2317 1965 2360; baseline 0.003 -11"><span class='ocrx_word' id='word_1_471' title='bbox 1222 2317 1454 2360; x_wconf 85' lang='lat' dir='ltr'>omnipotentis</span> <span class='ocrx_word' id='word_1_472' title='bbox 1481 2318 1536 2351; x_wconf 88' lang='lat' dir='ltr'>Dei</span> <span class='ocrx_word' id='word_1_473' title='bbox 1561 2329 1597 2352; x_wconf 84' lang='lat' dir='ltr'>ac</span> <span class='ocrx_word' id='word_1_474' title='bbox 1626 2319 1797 2352; x_wconf 87' lang='lat' dir='ltr'>beatorum</span> <span class='ocrx_word' id='word_1_475' title='bbox 1824 2318 1908 2351; x_wconf 88' lang='lat' dir='ltr'>Petri</span> <span class='ocrx_word' id='word_1_476' title='bbox 1934 2324 1965 2352; x_wconf 87' lang='lat' dir='ltr'>et</span> 
     </span>
     <span class='ocr_line' id='line_1_95' title="bbox 1223 2371 1966 2415; baseline 0.001 -12"><span class='ocrx_word' id='word_1_477' title='bbox 1223 2371 1310 2405; x_wconf 87' lang='lat' dir='ltr'>Pauli</span> <span class='ocrx_word' id='word_1_478' title='bbox 1338 2373 1559 2415; x_wconf 87' lang='lat' dir='ltr'>apostolorum</span> <span class='ocrx_word' id='word_1_479' title='bbox 1596 2372 1663 2406; x_wconf 86' lang='lat' dir='ltr'>eius</span> <span class='ocrx_word' id='word_1_480' title='bbox 1701 2383 1735 2406; x_wconf 88' lang='lat' dir='ltr'>se</span> <span class='ocrx_word' id='word_1_481' title='bbox 1767 2372 1893 2405; x_wconf 85' lang='lat' dir='ltr'>noverit</span> <span class='ocrx_word' id='word_1_482' title='bbox 1917 2372 1966 2405; x_wconf 92' lang='lat' dir='ltr'>in-</span> 
     </span>
     <span class='ocr_line' id='line_1_96' title="bbox 1223 2436 1406 2458; baseline 0.005 -1"><span class='ocrx_word' id='word_1_483' title='bbox 1223 2436 1406 2458; x_wconf 70' lang='lat' dir='ltr'>Cttt&#39;sttt&#39;ttm.</span> 
     </span>
    </p>

    <p class='ocr_par' dir='ltr' id='par_1_29' title="bbox 1222 2478 1965 2626">
     <span class='ocr_line' id='line_1_97' title="bbox 1267 2478 1965 2518; baseline 0.003 -8"><span class='ocrx_word' id='word_1_484' title='bbox 1267 2478 1378 2511; x_wconf 85' lang='lat' dir='ltr'>Datum</span> <span class='ocrx_word' id='word_1_485' title='bbox 1411 2479 1568 2518; x_wconf 86' lang='lat' dir='ltr'>Laterani,</span> <span class='ocrx_word' id='word_1_486' title='bbox 1606 2489 1692 2512; x_wconf 91' lang='lat' dir='ltr'>anno</span> <span class='ocrx_word' id='word_1_487' title='bbox 1729 2479 1965 2512; x_wconf 76' lang='lat' dir='ltr'>incarnationis</span> 
     </span>
     <span class='ocr_line' id='line_1_98' title="bbox 1223 2530 1962 2574; baseline 0.003 -12"><span class='ocrx_word' id='word_1_488' title='bbox 1223 2530 1406 2564; x_wconf 88' lang='lat' dir='ltr'>dominicae</span> <span class='ocrx_word' id='word_1_489' title='bbox 1438 2541 1598 2572; x_wconf 76' lang='lat' dir='ltr'>moccxxv,</span> <span class='ocrx_word' id='word_1_490' title='bbox 1633 2542 1663 2565; x_wconf 82' lang='lat' dir='ltr'>lx</span> <span class='ocrx_word' id='word_1_491' title='bbox 1696 2532 1850 2565; x_wconf 86' lang='lat' dir='ltr'>kalendas</span> <span class='ocrx_word' id='word_1_492' title='bbox 1881 2532 1962 2574; x_wconf 87' lang='lat' dir='ltr'>iulii,</span> 
     </span>
     <span class='ocr_line' id='line_1_99' title="bbox 1222 2583 1725 2626; baseline 0 -10"><span class='ocrx_word' id='word_1_493' title='bbox 1222 2583 1427 2626; x_wconf 78' lang='lat' dir='ltr'>pontificatus</span> <span class='ocrx_word' id='word_1_494' title='bbox 1455 2585 1554 2617; x_wconf 85' lang='lat' dir='ltr'>nostri</span> <span class='ocrx_word' id='word_1_495' title='bbox 1581 2595 1666 2617; x_wconf 88' lang='lat' dir='ltr'>anno</span> <span class='ocrx_word' id='word_1_496' title='bbox 1691 2595 1725 2618; x_wconf 80' lang='grc' dir='ltr'>ιι.</span> 
     </span>
    </p>
   </div>
   <div class='ocr_carea' id='block_1_28' title="bbox 1258 2645 1879 2681">
    <p class='ocr_par' dir='ltr' id='par_1_30' title="bbox 1258 2645 1879 2681">
     <span class='ocr_line' id='line_1_100' title="bbox 1258 2645 1879 2681; baseline 0.003 -10"><span class='ocrx_word' id='word_1_497' title='bbox 1258 2646 1318 2672; x_wconf 83' lang='lat' dir='ltr'>Dat.</span> <span class='ocrx_word' id='word_1_498' title='bbox 1340 2645 1382 2673; x_wconf 83' lang='lat' dir='ltr'>dic</span> <span class='ocrx_word' id='word_1_499' title='bbox 1402 2645 1436 2672; x_wconf 74' lang='lat'>⁶23</span> <span class='ocrx_word' id='word_1_500' title='bbox 1456 2645 1522 2674; x_wconf 90' lang='lat' dir='ltr'>iunii</span> <span class='ocrx_word' id='word_1_501' title='bbox 1544 2646 1622 2681; x_wconf 70' lang='lat'>1725,</span> <span class='ocrx_word' id='word_1_502' title='bbox 1644 2645 1738 2681; x_wconf 80' lang='lat' dir='ltr'>pontif.</span> <span class='ocrx_word' id='word_1_503' title='bbox 1760 2654 1831 2675; x_wconf 85' lang='lat' dir='ltr'>anno</span> <span class='ocrx_word' id='word_1_504' title='bbox 1851 2653 1879 2674; x_wconf 86' lang='lat'>11.</span> 
     </span>
    </p>
   </div>
  </div>
 </body>
</html>
